2234 3443
163 169 186 214 ἓ
220 168 288 216 53,
321 167 392 212 54]
456 179 510 206 DE
542 177 756 206 FLExrom:
790 175 995 205 Nomium
1027 174 1377 204 OBSERVATIONES
1410 175 1678 206 GENERALES.
1898 170 1980 209 161

282 293 580 332 substantivis
620 292 818 345 feminini
861 291 1034 340 generis
1074 291 1143 330 hic
1188 290 1277 329 illic
1308 290 1507 329 iunctum
1540 293 1607 330 est
1639 293 1905 333 adiectivum
1939 295 1984 334 in

99 355 105 362 ’
160 372 230 398 -υσ
266 360 492 399 desinens:
531 362 667 409 θῆλυσ
702 359 802 397 ἀϋτή
815 367 847 407 a,
883 361 1017 408 θῆλυσ
1048 356 1230 409 ἐρέρσκύ,
1266 357 1403 409 ,ρκδὺσ
1431 356 1563 407 ἀϋτμή
1576 365 1604 408 ⁶,
1633 359 1817 400 duarum
1850 361 1986 410 igitur

159 427 518 466 terminationum
551 427 701 466 haberi
732 427 934 475 poterant
964 425 1180 464 adiectiva
1210 425 1254 463 in
1285 435 1366 463 -υσ,
1392 425 1487 463 Nisi
1514 428 1642 474 poeta
1670 426 1782 465 dixit
1808 424 1984 477 θήλε’(α)

160 495 205 532 et
234 490 432 546 fuffi'fix),
466 495 515 533 ut
546 491 662 541 ὠκέα,
692 491 866 543 βαθέαν,
894 491 1052 542 βαθέκσ
1066 489 1099 531 d.

278 560 490 610 Corrupta
520 564 647 600 sunt:
676 561 786 613 fona
816 560 981 611 χάλκεον
993 567 1022 609 0,
1049 557 1189 610 ἄγριον
1214 554 1355 608 ἄτκνΐ,
1386 556 1609 598 ὀλοώτατοσ
1636 557 1740 609 ὀδμή
1754 569 1790 610 9,
1823 561 1982 601 πουλὺν

156 625 214 676 ἐφ’
246 627 373 678 ὑγρήν
387 625 419 668 7³.
447 629 678 668 Novicium
708 630 857 668 autem
884 629 954 667 est
978 624 1117 665 Γέλων
1144 625 1243 664 αἰπύ
1270 637 1347 675 pro
1374 626 1534 665 αἰπεῖαν
1562 627 1631 666 vel
1657 627 1784 668 αἰπήν
1811 629 1978 669 dictum

160 697 203 735 in
236 706 366 734 versu
398 697 545 745 spurio
559 695 584 736 ί.

275 763 434 802 Incerti
459 764 633 812 generis
658 763 702 802 in
729 763 916 802 dictione
941 762 1062 811 epica
1087 762 1265 801 fuerunt
1291 762 1472 801 nomina
1499 760 1761 817 Zoznvveooj,
1790 766 1930 805 Πύλοσ
1944 765 1979 817 k,

154 825 233 879 ἆήρ
250 828 274 879 l,
309 829 381 868 ἅλσ
395 838 436 879 m,
470 828 615 880 nioevn,
647 831 811 869 λίθοσθ.

275 898 501 937 Adiectiva
541 898 684 937 κλυτόσ
721 899 764 937 et
795 897 940 946 δάμιοσ
971 897 1016 936 in
1048 897 1317 936 carminibus
1349 897 1483 945 epicis
1516 898 1650 937 etiam
1684 900 1979 941 substantivis

153 964 378 1004 femininis
410 966 615 1006 adiuncta
645 968 795 1015 suntp,
827 964 1026 1004 ἀσπάσιοσ
1057 975 1160 1004 vero
1193 965 1325 1004 dubia
1356 966 1425 1004 est
1456 966 1586 1006 lectio
1615 977 1690 1016 pro
1722 966 1900 1008 &amasia
1913 978 1946 1013 q.

924 1317 1128 1357 CAPUT
1158 1318 1208 1357 ΙΙ.

568 1452 670 1502 DE
708 1451 1265 1503 DECLINATIONE
1304 1453 1554 1505 PRIMA.

273 1588 299 1638 ξ
331 1589 403 1632 54.
446 1591 755 1630 Nominativus
795 1591 1033 1639 singularis
1063 1592 1293 1630 nominum
1326 1592 1638 1633 femininorum
1674 1595 1898 1635 desinebat
1931 1598 1974 1635 in

439 1662 456 1672 υ

148 1673 199 1695 -u
232 1661 307 1696 aut
338 1659 380 1696 in
413 1674 469 1704 -α,
503 1659 847 1698 masculinorum
890 1659 933 1697 in
973 1670 1054 1696 -κσ,
1085 1658 1395 1708 Discrepantr:
1429 1655 1507 1698 θεὰ
1521 1669 1548 1711 ³,
1580 1672 1676 1710 gen.
1710 1666 1825 1713 θεᾶσ,
1862 1665 1975 1703 Ναυ-

156 1725 287 1769 σικάᾶ,
317 1720 424 1769 Anci,
460 1720 599 1774 Φειᾶί,
634 1725 814 1775 Αἰνείᾶσ,
845 1725 1035 1776 Αὐγείᾶσ,
1057 1722 1260 1775 Ἑρμείᾶσ.

271 1792 655 1832 Substantivorum
699 1793 751 1832 ab
793 1793 1023 1832 adiectivis
1055 1794 1098 1832 in
1130 1805 1200 1843 -ησ
1233 1796 1275 1833 et
1308 1805 1403 1833 -ουσ
1434 1796 1663 1835 ductorum
1696 1799 1977 1838 accusativus

154 1859 197 1898 in
239 1859 425 1898 dialecto
467 1859 616 1898 Attica
656 1862 810 1909 postea
850 1861 980 1899 desiit
1019 1861 1063 1899 in
1095 1875 1202 1898 -ειαν
1234 1863 1277 1900 et
1307 1876 1431 1911 -οιαν,
1460 1863 1504 1902 in
1538 1864 1659 1912 epica
1691 1875 1793 1904 vero
1826 1865 1978 1914 lingua

152 1926 473 1965 terminabatur
520 1927 702 1975 syllabis
747 1928 853 1965 -el'nv
901 1930 944 1966 et
988 1928 1143 1976 -0tuvu,
1195 1939 1262 1966 ex.
1310 1939 1372 1976 gr.
1421 1928 1620 1968 ἀλκθεῖ·κν
1636 1939 1666 1979 v,
1712 1929 1977 1982 ἀναιδεΐκνω,

152 1991 389 2042 ἐϋπλοΐκνῑ,
433 1994 471 2032 si
511 1995 686 2042 quidem
729 1995 873 2033 textui
911 1995 1070 2034 tradito
1114 1994 1224 2034 fides
1267 1998 1336 2034 est
1368 1997 1593 2045 habenda;
1635 2008 1741 2037 nam
1774 2000 1975 2039 omnium

152 2060 452 2100 huiuscemodi
492 2062 842 2100 accusativorum
885 2062 1054 2110 syllaba
1084 2061 1229 2100 finalis
1257 2063 1390 2101 etiam
1423 2064 1633 2112 producta
1664 2067 1732 2104 est
1763 2066 1980 2114 positione

148 2129 226 2167 aut
270 2129 372 2177 ictu,
420 2129 483 2167 ita
530 2130 576 2167 ut
622 2129 809 2168 dubitari
849 2130 989 2178 possit
1032 2139 1086 2168 an
1128 2132 1256 2178 poeta
1287 2128 1498 2178 ἀλκθέταν,
1530 2129 1753 2181 ἀναιδὲϊαν,
1786 2131 1980 2172 ἐϋπλόταν

149 2194 323 2234 dixerit.
371 2195 452 2234 Sed
499 2197 702 2244 quoniam
752 2206 774 2234 e
821 2197 1074 2244 posterioris
1111 2198 1208 2236 aevi
1249 2198 1436 2237 dialecto
1476 2198 1624 2238 Ionica
1665 2200 1840 2248 cognita
1875 2206 1981 2241 sunt

153 2259 343 2311 ἀτελείηῇ
375 2264 418 2301 et
449 2263 623 2312 similia,
657 2264 960 2303 sollicitandus
993 2274 1078 2303 non
1109 2267 1177 2304 est
1208 2267 1360 2304 textus
1398 2266 1599 2307 traditus

273 2329 499 2369 Adiectivo
556 2332 644 2369 ὄῖοσ
686 2332 778 2371 sive
826 2332 968 2384 ὁίμοσ,
1014 2332 1146 2384 ὁῑρρσ
1192 2333 1236 2371 in
1283 2334 1552 2373 carminibus
1599 2334 1733 2383 epicis
1780 2345 1865 2374 non
1910 2333 1979 2373 ὁΐκ

153 2396 406 2435 adiunctum
441 2401 508 2436 est
539 2398 815 2448 femininum,
850 2400 925 2438 sed
959 2399 1025 2436 δῖα
1042 2408 1071 2439 2.

240 2547 260 2566 a
284 2539 300 2572 ζ
324 2537 397 2566 122.
580 2537 596 2567 b
621 2550 634 2566 ε
657 2538 734 2567 46Ἱ.
919 2547 935 2567 c
958 2551 980 2574 μ
1005 2539 1081 2567 369.
1108 2538 1227 2568 Simile
1252 2540 1306 2568 est
1328 2538 1455 2578 θερμόσ
1479 2540 1580 2576 ἀϋτμή
1605 2539 1688 2569 Hes.
1711 2538 1838 2578 Theog.
1866 2543 1929 2572 696
1944 2543 1979 2573 h.

154 2587 260 2619 Mero.
289 2590 363 2619 110.
509 2588 531 2618 d
555 2589 574 2627 ξ
600 2589 652 2619 75.
798 2599 814 2620 e
837 2594 862 2620 Σ
881 2591 957 2620 222.
1103 2590 1125 2628 f
1149 2593 1178 2619 Τ
1199 2592 1251 2620 88.
1392 2600 1413 2630 q
1435 2591 1453 2621 δ
1476 2591 1554 2620 442.
1697 2591 1718 2621 h
1743 2594 1774 2621 K
1796 2593 1837 2623 27
1859 2594 1874 2623 ὁ
1902 2595 1980 2632 709,

155 2639 172 2681 ἓ
198 2639 265 2671 83⁹.
411 2640 424 2670 i
451 2644 475 2670 Ο
500 2642 552 2671 71.
667 2641 689 2681 j
716 2643 833 2680 ὑλήεντι
858 2645 1031 2672 Ζακύνθιοι
1054 2645 1089 2672 et
1111 2654 1203 2673 -εσσα
1227 2644 1414 2673 Ζάκυνθοσ.
1564 2643 1584 2673 k
1607 2646 1711 2674 Πύλον
1738 2646 1919 2681 ἠμαθόεντα
1944 2650 1980 2677 et

155 2694 305 2732 ἠγαθέην,
332 2696 438 2723 Πύλου
462 2695 661 2731 ἠμαθόεντοσ
684 2698 719 2724 et
741 2698 836 2736 ἱερῆα,
861 2698 966 2725 Πύλωι
996 2697 1166 2733 ἠμαθόεντι
1190 2698 1224 2726 et
1248 2696 1393 2734 ἧγαθέηι.
1702 2696 1715 2726 l
1736 2697 1840 2728 Maso.
1865 2701 1893 2727 E
1913 2699 1979 2730 '176

157 2758 175 2784 η
200 2747 275 2783 143,
298 2746 377 2776 sem.
403 2745 544 2784 passim.
678 2757 706 2776 m
730 2748 808 2777 ἁλὸσ
832 2751 952 2778 πολιοῖο
977 2753 1004 2778 Υ
1027 2749 1090 2778 229
1117 2761 1129 2778 ε
1153 2748 1218 2778 410
1243 2761 1252 2778 ι
1278 2750 1352 2785 132,
1376 2752 1487 2786 πολιῆσ
1509 2751 1543 2778 Α
1566 2749 1629 2779 350
1653 2749 1696 2779 al.
1832 2760 1851 2779 n
1872 2751 1982 2782 Maso.

155 2803 182 2830 θ
207 2800 248 2830 66
272 2800 327 2836 al„
351 2800 431 2829 fem.
452 2811 471 2828 α
496 2800 536 2829 53
562 2800 604 2829 al.
783 2802 807 2829 o*
824 2804 910 2830 λίθοι
933 2804 1066 2836 nummi,
1088 2800 1199 2836 ξεστοί,
1223 2801 1267 2831 al.
1288 2802 1430 2840 passim,
1456 2801 1517 2831 sed
1543 2805 1676 2837 θαμεῖαι
1701 2803 1744 2831 Μ
1768 2803 1844 2838 287,
1871 2804 1979 2843 στερεὴ

153 2855 251 2882 λίθοσ
276 2863 291 2881 τ
313 2853 389 2882 494.
564 2863 588 2892 p
615 2855 642 2882 Β
668 2852 730 2882 ’742
754 2865 767 2882 ε
792 2852 856 2883 422
881 2865 899 2890 γ
925 2855 978 2883 82.
1163 2863 1181 2893 q
1205 2862 1232 2889 ψ
1258 2855 1332 2884 233.
1360 2854 1578 2884 Femininum
1606 2854 1672 2891 δοίη
1696 2854 1824 2887 legitur
1851 2857 1878 2886 Θ
1900 2856 1979 2886 488.

290 2917 306 2936 ν
332 2907 347 2942 ᾗ
373 2906 402 2935 5.
627 2915 643 2935 s
665 2905 784 2935 Multis
808 2906 893 2936 locis
915 2914 980 2935 vox
1004 2908 1085 2936 θεόσ
1108 2905 1274 2945 epicoena
1299 2909 1362 2942 est,
1384 2909 1424 2936 ut
1447 2909 1569 2945 postea
1592 2906 1668 2935 fuit.
1692 2905 1846 2936 Pluralis
1872 2906 1979 2938 etiam

156 2960 283 2989 θέαιναι
307 2962 360 2988 est
382 2959 507 2988 dictus.
654 2960 667 2988 t
693 2962 716 2987 0
732 2959 794 2988 187
815 2958 934 2988 ’τέκετο
949 2958 1021 2988 Ῥέα
1041 2959 1107 2997 leg.
1124 2959 1310 2998 ’τέκεῬείη,
1330 2961 1369 2989 nt
1387 2960 1422 2990 Ξ
1439 2960 1516 2995 203,
1536 2967 1615 2997 pag.
1638 2960 1678 2988 69
1692 2969 1721 2988 n.
1743 2960 1824 2990 Hes.
1848 2960 1981 2999 Theog.

160 3019 220 3049 135
233 3019 395 3049 traditum
409 3022 462 3049 est
476 3018 588 3053 Ῥείᾶν,
601 3020 684 3049 item
704 3021 779 3048 Θείᾶ
792 3027 840 3048 vs.
856 3019 930 3055 135,
945 3000 1031 3051 3¹1?
1155 3030 1175 3049 tc
1198 3018 1439 3050 Nominativus
1452 3028 1519 3049 non
1532 3021 1637 3049 extat.
1772 3029 1790 3050 v
1813 3023 1847 3050 Ψ
1857 3021 1919 3050 361
1935 3022 1981 3052 al.

289 3081 314 3101 w
345 3072 380 3100 A
407 3071 468 3101 149
494 3075 512 3100 1
537 3072 600 3101 372
625 3072 658 3101 h.
683 3072 787 3101 Mero.
814 3072 887 3102 156.
1045 3083 1066 3102 π·
1090 3076 1110 3102 I
1131 3073 1206 3103 362.
1358 3071 1382 3110 {j
1406 3072 1514 3102 Inscr.
1539 3070 1612 3101 Ion.
1632 3069 1763 3102 5495⁴³.
1898 3083 1915 3102 z
1938 3073 1981 3103 Id

150 3122 249 3159 >quod
273 3123 387 3160 dij-ca,
411 3123 506 3161 διζῆμι.
529 3124 587 3154 Ex.
613 3133 663 3162 gr.
682 3124 797 3154 ”Haada
823 3125 891 3153 δῖαν
919 3126 1020 3154 ἔναιον
1045 3128 1073 3154 Β
1100 3126 1175 3155 615.

266 3180 336 3208 Van
356 3180 527 3209 Leeuwen.
544 3181 783 3210 Euchiridium.
1838 3182 1872 3209 11
