2234 3443
953 214 1209 242 PRAEFATro.
1958 202 1983 240 3

173 329 286 370 bello
322 329 594 369 internecivo
635 338 682 367 se
723 326 986 366 infestantes
1027 328 1152 375 gesta
1181 327 1425 374 priscorum
1459 325 1639 363 heroum
1673 324 1786 362 haud
1817 323 1990 363 inficete

171 397 378 444 referunt,
412 397 655 436 Homerum
688 397 913 434 auctorem
946 394 1103 432 habere
1121 392 1353 441 aliquando
1385 394 1454 430 est
1485 392 1722 437 creditum;
1755 391 1831 429 sed
1856 391 1992 430 Iliade

173 464 453 513 Odysseaque
479 464 620 503 multo
647 473 744 502 esse
772 462 993 501 recentius
1017 462 1239 500 testantur
1265 469 1405 508 genus
1431 459 1600 498 dicendi
1629 460 1670 497 et
1688 459 1808 506 ipsae
1824 458 1990 497 formae

174 532 421 579 verborum,
470 531 592 570 nasci
632 532 780 569 autem
823 529 1040 569 eiusmodi
1080 537 1188 577 opus
1220 537 1275 565 ne
1306 527 1447 575 potuit
1478 526 1654 573 quidem
1687 535 1736 563 eo
1769 535 1876 563 aevo
1908 534 1990 572 quo

175 600 407 638 atavorum
448 600 630 637 strenua
669 597 867 636 facinora
905 607 931 635 a
961 596 1103 645 poetis
1135 595 1179 633 in
1217 604 1372 642 regum
1408 593 1628 633 cenaculis
1661 592 1862 631 solebant
1893 592 1996 631 cele-

175 666 306 718 brari,
345 666 422 705 sed
463 666 561 714 post
594 667 660 704 est
699 666 842 702 ortum
878 673 1006 710 quam
1043 663 1242 701 carmina
1273 661 1395 710 epica
1426 661 1564 699 doctis
1595 660 1866 707 indoctisque
1895 660 1994 698 inde

174 743 200 772 a
238 733 426 782 pueritia
463 732 760 771 innotuerunt.
799 731 953 779 Peyretz·
984 729 1326 777 Halicarnassio‚
1360 729 1433 776 qui
1475 728 1627 776 quinto
1659 728 1834 766 saeculo
1866 728 1993 776 vixit,

172 800 566 839 Batrachomachia
595 799 762 838 tributa
794 802 862 837 est
894 808 919 836 a
950 797 1220 836 Plutarchoa
1253 799 1296 835 et
1327 806 1352 835 a
1383 796 1516 834 Suida
1534 792 1564 834 b.

292 935 346 974 Et
385 934 471 974 alia
512 934 724 974 nonnulla
767 933 964 972 carmina
1004 932 1197 971 ambitus
1234 932 1381 980 exigui
1413 931 1517 970 olim
1549 932 1669 970 fuere
1702 930 1774 978 qui
1806 930 1995 968 Homero

175 1002 486 1043 adscriberent.
529 1001 644 1050 Quae
687 1001 886 1040 carmina
914 1010 1052 1048 neque
1086 1000 1333 1048 argumenti
1364 1000 1580 1047 gravitate
1611 1008 1749 1045 neque
1780 997 1998 1045 elegantia.

175 1070 390 1119 dictionis,
438 1071 654 1117 quatenus
695 1069 868 1116 quidem
915 1077 1031 1106 nunc
1068 1067 1119 1106 de
1159 1068 1212 1105 iis
1254 1067 1357 1105 ferri
1394 1067 1538 1114 potest
1569 1066 1792 1113 iudicium,
1822 1064 2001 1103 fuerunt

175 1137 368 1185 insignia
397 1146 538 1184 neque
570 1137 806 1175 admodum
841 1137 1021 1174 vetusta
1051 1135 1187 1173 fuisse
1220 1134 1422 1172 videntur
1437 1140 1465 1172 ε.

292 1204 488 1252 Denique
519 1203 718 1242 eiusdem
752 1203 924 1251 generis
957 1204 1088 1249 atque
1117 1201 1295 1240 Homeri
1322 1201 1519 1239 carmina
1545 1202 1649 1238 sunt
1675 1208 1806 1247 opera
1830 1197 2000 1237 Hesiodi

177 1274 330 1322 poetae
367 1271 560 1311 Ascraei.
594 1270 783 1319 Quorum
816 1271 900 1308 duo
932 1280 1017 1308 non
1049 1270 1093 1307 in
1126 1270 1218 1307 vita
1250 1269 1430 1308 heroum
1466 1267 1724 1307 celebranda
1755 1268 2000 1313 versantur,

178 1339 255 1378 sed
301 1338 505 1378 didactici
554 1361 604 1366 —
653 1340 702 1376 ut
748 1337 834 1375 dici
880 1336 994 1375 solet
1044 1359 1094 1364 —
1144 1337 1248 1374 sunt
1290 1336 1554 1387 argumenti,
1601 1333 1829 1382 Theoyonia
1869 1335 2001 1380 atque

183 1405 315 1456 Opera
340 1409 374 1445 et
401 1405 520 1453 Dies;
549 1415 659 1452 quae
688 1414 789 1443 vero
818 1406 1046 1452 praeterea
1072 1403 1263 1442 Hesiodo
1289 1402 1456 1440 tributa
1481 1403 1598 1450 sunt,
1624 1400 1783 1450 clipeus
1809 1400 2002 1458 Herculia

179 1476 222 1513 et
253 1473 478 1522 deperdita
509 1472 748 1520 complura,
781 1471 906 1510 Iliadi
940 1470 1248 1518 Odysseaeque
1281 1472 1384 1508 sunt
1416 1468 1578 1508 affinia.

296 1541 379 1580 Sed
411 1540 609 1579 carmina
640 1539 834 1591 Hesiodi,
867 1540 1021 1586 poetae
1050 1538 1240 1576 Homero
1268 1537 1407 1575 multo
1434 1536 1702 1584 recentioris,
1729 1545 1845 1573 nunc
1870 1534 2004 1573 mitti·

181 1618 305 1656 mus;
337 1608 381 1647 in
413 1607 635 1656 deperdita
668 1607 814 1655 epicae
848 1606 958 1644 artis
989 1615 1119 1654 opera
1145 1615 1229 1643 non
1258 1605 1550 1652 inquiremus;
1580 1604 1781 1651 Hymnos
1807 1612 1892 1641 non
1919 1602 2006 1640 nisi

178 1677 222 1715 in
254 1676 444 1715 transitu
475 1680 734 1726 tangemus;
767 1673 872 1712 solis
903 1673 1027 1711 Iliadi
1060 1674 1104 1711 et
1136 1673 1357 1720 Odysseae
1389 1671 1735 1710 immorabimur.

296 1809 542 1857 Utrumque
574 1819 752 1848 carmen
784 1808 886 1856 quin
919 1808 972 1845 ab
1004 1817 1089 1846 uno
1116 1807 1354 1854 eodemque
1383 1808 1495 1853 vate,
1525 1806 1593 1844 cui
1620 1805 1830 1843 Homerus
1846 1804 2002 1842 fuisset

179 1887 354 1926 nomen,
387 1879 506 1916 esset
536 1876 761 1915 conditum
796 1878 841 1913 et
872 1875 925 1913 ad
957 1873 1087 1912 finem
1122 1874 1396 1922 productum,
1424 1872 1481 1909 V0
1508 1874 1624 1911 certe
1649 1872 1823 1911 saeculo
1850 1871 2003 1915 Graeci

179 1954 265 1984 non
290 1939 598 1990 dubitaruntd;
633 1944 897 1981 vetustiores
929 1941 1047 1980 enim
1081 1943 1220 1979 testes
1252 1950 1337 1978 non
1365 1941 1471 1978 sunt
1501 1941 1688 1988 praesto.
1721 1940 1822 1976 Χῖοσ
1854 1940 2002 1977 autem

179 2009 282 2061 ἀνήρ
328 2012 423 2050 sive
467 2011 609 2050 clarus
653 2010 718 2048 ille
761 2010 826 2047 vir
871 2008 994 2047 Chius
1034 2010 1162 2056 poeta
1202 2007 1352 2045 Iliadis
1392 2007 1536 2046 dictus
1572 2007 1638 2045 est
1668 2016 1693 2045 a
1725 2005 1947 2045 Simonide
1963 2011 2002 2052 ες

180 2078 255 2117 alii
297 2088 399 2118 vero
440 2077 615 2117 aliunde
653 2077 891 2115 Homerum
928 2075 1148 2114 faciebant
1178 2074 1409 2113 oriundum
1428 2071 1451 2109 f
1477 2079 1521 2112 et
1553 2073 1675 2112 varia
1705 2073 1757 2112 de
1788 2073 1881 2111 eius
1912 2072 2004 2110 vita

269 2283 290 2302 a
313 2271 402 2303 Plut.
426 2273 510 2304 Mor.
537 2270 642 2312 873f.
779 2271 795 2300 b
822 2271 916 2301 Suid.
941 2279 966 2300 s.
987 2278 1019 2299 v.
1040 2272 1172 2309 Πίγρησ,
1194 2269 1252 2306 qui
1274 2271 1308 2298 et
1327 2269 1495 2306 Margiten
1509 2268 1540 2298 ei
1554 2265 1687 2297 tribuit.
1700 2265 2007 2296 Batrachomachia

182 2324 333 2363 Pigretis
354 2325 450 2355 Caris
474 2334 612 2355 carmen
637 2325 764 2354 dicitur
788 2325 891 2354 etiam
917 2323 952 2352 in
979 2322 1211 2361 complurium
1237 2321 1394 2351 codicum
1418 2319 1702 2359 inscriptionibus
1727 2322 1761 2349 et
1780 2317 2007 2357 subscriptio·

182 2378 294 2408 nibus.
313 2378 382 2408 Sed
400 2378 634 2408 Alexandrina
657 2377 796 2407 demum
821 2378 934 2406 aetate
960 2376 1189 2413 compositam
1215 2383 1291 2404 esse
1317 2374 1591 2404 demonstratum
1615 2373 1752 2402 iverunt
1774 2371 2006 2402 vHerwerden

183 2431 350 2461 Mnemos.
383 2432 480 2466 1882,
505 2432 568 2461 163
592 2439 680 2468 sqq„
714 2429 958 2465 Wackernagel
982 2428 1133 2466 sprachl.
1159 2427 1477 2464 Untersuchungen
1502 2435 1543 2456 zu
1569 2427 1696 2456 Homer
1720 2426 1818 2458 1916.
1844 2425 1905 2454 189
1930 2432 2006 2461 sqq.

316 2490 334 2512 c
358 2483 408 2512 Ad
438 2491 501 2513 nos
529 2486 762 2522 pervenerunt
792 2491 880 2519 quae
913 2481 1055 2518 collegit
1085 2480 1233 2517 scriptor
1258 2478 1399 2517 ignotus
1425 2478 1521 2508 Vitae
1550 2476 1704 2514 Homeri,
1732 2476 1907 2507 Herodoto
1930 2485 2008 2514 per-

185 2545 304 2575 peram
337 2536 500 2566 tributae.
530 2536 632 2566 Haud
662 2535 805 2574 illepide
835 2535 892 2564 hic
923 2535 1026 2564 homo
1057 2533 1235 2563 Herodoto
1268 2533 1379 2562 multo
1411 2533 1595 2568 recentior,
1620 2531 1682 2560 sed
1706 2529 1850 2559 dialecti
1873 2529 2011 2558 Ionicae

185 2589 329 2627 peritus,
363 2588 406 2618 ad
429 2588 636 2627 opusculum
660 2597 761 2618 suum
788 2586 1021 2617 exornandum
1045 2584 1228 2624 usurpavit
1250 2585 1416 2622 quicquid
1447 2585 1696 2622 poematiorum
1732 2585 1943 2613 vetustorum
1976 2579 2009 2610 ei

186 2643 325 2679 praesto
356 2641 434 2678 fuit,
459 2650 526 2671 non
557 2644 596 2671 ut
622 2649 742 2670 verum
773 2640 956 2677 indagaret
991 2647 1132 2676 operam
1158 2637 1256 2677 dans,
1280 2637 1340 2667 sed
1364 2640 1402 2667 ut
1425 2637 1616 2666 delectaret
1638 2636 1797 2670 lect-fres,
1819 2634 2008 2671 multisque

185 2693 348 2723 admixtis
370 2693 527 2723 versibus
549 2693 593 2723 ab
612 2693 689 2732 ipso
712 2693 880 2723 confictis.
1015 2690 1039 2720 d
1058 2690 1256 2720 Herodotus
1280 2689 1444 2726 „Homeri
1470 2689 1639 2719 Iliadem’'
1664 2692 1698 2718 et
1720 2688 1879 2723 „Homeri
1899 2686 2007 2724 Odys-

186 2746 304 2776 seam''
337 2746 417 2785 plus
451 2746 560 2776 semel
595 2746 895 2780 commemoravit3
930 2743 1152 2782 Xenophonti
1186 2745 1289 2772 πάντα
1323 2744 1362 2772 τὰ
1391 2743 1525 2782 Ὁμήρου
1559 2743 1616 2778 ἔπη
1652 2742 1793 2771 fuerunt
1824 2740 1929 2769 Ἰλιὰσ
1958 2741 2009 2770 καὶ

189 2800 355 2834 oddonem.
387 2800 492 2830 Conv.
527 2800 544 2829 3
578 2798 595 2838 ς
629 2799 659 2829 5.
793 2808 809 2828 e
838 2798 932 2828 Stob.
958 2797 1075 2827 Floril.
1100 2798 1154 2833 98,
1179 2798 1232 2833 29,
1256 2796 1346 2825 infra
1371 2804 1449 2834 pag.
1475 2794 1538 2825 4d.
1572 2793 1706 2824 Ceusne
1737 2802 1778 2822 an
1803 2792 2011 2830 Amorginus

187 2854 290 2891 poeta
319 2852 464 2888 dicatur,
494 2853 627 2882 sextine
658 2850 766 2889 igitur
789 2851 919 2880 saeculi
943 2850 1100 2879 exeuntis
1125 2850 1190 2879 hoc
1215 2849 1260 2878 sit
1285 2848 1519 2878 testimonium
1544 2856 1586 2876 an
1611 2846 1742 2876 saeculi
1768 2843 1921 2883 septimi,
1943 2853 2011 2874 non

187 2906 332 2935 constat.
465 2903 488 2941 f
506 2903 558 2933 Ab
583 2904 764 2942 Antipatro
788 2902 929 2933 Sidonio
953 2899 1150 2942 (epigram)
1174 2902 1278 2931 urbes
1292 2901 1426 2931 natales
1439 2901 1660 2930 enumeratae
1673 2901 1754 2928 sunt
1764 2898 1845 2927 hae:
1872 2898 2009 2937 Σμύρνα,

187 2960 283 2995 Χίοσ,
309 2959 474 2997 Κολοφὼν,
494 2958 624 2996 Ἰθάκη,
652 2956 914 2996 Πύλοσ,’ᾉργοσ,
939 2957 1081 2993 Amyron,
1107 2955 1149 2984 ab
1175 2963 1344 2992 anonymo
1368 2954 1476 2992 epigr.
1500 2952 1565 2982 486
1589 2951 1728 2981 Iacobs:
1756 2953 1859 2989 Κύμη,
1871 2952 2010 2988 Σμύρνα,

188 3013 282 3046 Χέοσ,
308 3012 466 3049 Κολοφὼν,
492 3012 610 3043 Πύλου,
627 3009 758 3050 Ἀργοσ,
781 3011 925 3045 Ἀθῆναι.
950 3006 1018 3037 Pro
1045 3007 1121 3037 Chio
1145 3008 1204 3037 alii
1230 3006 1406 3045 ponebant
1428 3004 1584 3041 Rhodum,
1608 3004 1666 3033 alii
1690 3021 1728 3025 —
1754 3004 1788 3033 in
1813 3004 1867 3033 his
1880 3003 2009 3032 Aristo·

185 3062 286 3099 tales,
309 3065 344 3092 et
365 3060 425 3092 diu
449 3064 528 3092 aute
551 3062 644 3091 hunc
669 3060 906 3098 Bacchylides,
929 3058 958 3089 si
982 3060 1069 3089 fides
1096 3060 1196 3089 Vitae
1221 3060 1280 3088 vae
1305 3075 1347 3080 —
1371 3058 1444 3088 lum
1464 3055 1623 3092 insulam,
1648 3056 1708 3086 ubi
1732 3054 1873 3086 Homeri
1894 3054 2011 3093 sepul—

187 3122 283 3144 crum
315 3114 564 3144 ostendebatur
595 3112 845 3152 epigrammate
877 3121 944 3142 non
973 3112 1158 3142 admodum
1192 3114 1328 3141 vetusto
1351 3112 1510 3141 ornatum
1535 3109 1627 3146 (Vit.,
1651 3107 1720 3138 Cic.
1745 3117 1807 3147 pro
1830 3108 1954 3138 Archia
1978 3108 2008 3143 8,

189 3164 278 3197 Gell.
302 3166 356 3196 111
382 3167 446 3204 11).
478 3165 604 3205 Viqinti
626 3166 764 3196 urbium
789 3168 892 3202 atque
915 3164 1094 3202 regionum
1120 3165 1257 3193 nomina
1282 3163 1477 3201 composuit
1497 3161 1619 3191 Suidas
1644 3162 1679 3190 in
1703 3161 1788 3191 Vita.
