2234 3443
233 170 311 208 170
804 179 859 207 DE
889 179 1207 208 DEGLINATIONE
1239 180 1454 209 SECUNDA.
1809 173 1849 218 [ἓ
1883 172 1951 219 60,
1987 173 2042 211 61

520 288 615 330 τοῖσ’
650 289 793 330 ἅλλοισ’
828 288 1011 342 ἕτάροισ’,
1040 294 1080 331 οἳ
1109 289 1170 341 ἅμ’
1207 292 1328 331 αὖτῶι
1363 293 1506 334 ἕποντο
1519 304 1549 333 α.

515 355 667 408 ’λεῖβον
698 354 733 396 δ’
769 357 1013 397 ἀθανάτοισι
1044 355 1170 397 θεοῖσ’
1205 359 1480 410 αἰειγενέτκισι
1496 358 1525 401 b.

341 425 569 464 Nonnullis
601 426 644 464 in
677 425 876 464 versibus
909 427 1127 474 corruptis
1164 429 1240 465 aut
1272 428 1432 476 spuriis
1465 429 1705 467 terminum
1736 439 1819 466 -οισ
1849 429 2048 476 sequitur

224 503 403 532 consona
416 500 444 541 ⁶,
479 503 546 531 ex.
577 504 661 541 gr.:
697 487 759 530 οἶσ
791 490 960 543 ἀγανοῖσ
985 491 1186 542 βελέεσσιν
1212 504 1288 542 pro
1315 491 1420 546 foso'
1451 493 1634 546 ἀγανοῖσι
1661 493 1813 542 βέλεσσι
1838 495 1999 544 scripta
2012 491 2046 533 d.

340 561 544 599 Elisionis
577 560 755 608 signum
783 560 826 598 in
855 560 1075 599 codicibus
1099 561 1266 609 passum
1296 562 1512 601 omissum
1539 565 1619 612 est,
1649 563 1762 602 haud
1780 573 1879 602 raro
1896 564 2046 601 tamen

225 627 423 666 additum
438 635 467 666 ε.

341 761 595 800 Accusativi
637 761 808 799 numeri
842 761 1023 809 pluralis
1055 763 1273 801 terminus
1305 775 1384 811 -οσ,
1415 763 1488 811 qui
1518 764 1563 802 in
1596 764 1845 812 regionibus
1876 763 2048 812 quibus-

222 828 322 867 dam
355 828 438 866 fuit
469 828 658 867 Dorismi
691 828 946 867 recentioris
961 826 990 878 f,
1025 829 1077 867 ab
1109 829 1302 869 Homero
1334 831 1505 869 alienus
1538 831 1634 880 fuit,
1668 831 1741 870 sed
1760 831 1919 879 legitur
1937 831 2049 880 apud

221 895 506 943 Hesiodumff,
539 896 613 944 qui
646 897 689 934 et
720 895 888 944 primae
922 896 1226 935 declinationis
1259 898 1448 936 termino
1480 898 1636 938 Dorico
1668 902 1737 935 -ἅσ
1768 900 1838 937 est
1867 908 1975 937 usus
1988 895 2018 936 ἢ.

340 1026 366 1080 ἓ
398 1027 465 1071 61.
510 1029 625 1079 Quae
668 1032 820 1078 postea
851 1033 1063 1070 contracta
1094 1034 1196 1070 sunt
1234 1031 1461 1079 vocabula,
1494 1032 1538 1071 in
1572 1032 1753 1071 Homeri
1778 1032 2047 1071 carminibus

221 1097 410 1136 formam
443 1098 674 1146 pristinam
708 1097 916 1137 exhibent
948 1099 1165 1147 integram
1180 1096 1204 1148 ἱ,
1240 1109 1307 1138 ex.
1342 1109 1403 1147 gr.
1431 1096 1567 1149 v606j‚
1593 1100 1756 1138 κάνειον
1774 1101 1868 1139 sive
1885 1099 2044 1149 κάνεον,

219 1162 369 1213 ὀστέον,
420 1163 628 1216 ἀργύρεοσ,
675 1165 854 1215 dimiono,
898 1163 1170 1216 xscpdppooak
1216 1167 1310 1205 Sive
1352 1165 1606 1218 χειμάροοσῐ,
1641 1167 1896 1217 Πάνθοοσῃῑ,
1935 1176 2046 1214 quae

220 1235 372 1280 postea
428 1237 541 1282 νοῦσ,
594 1238 760 1283 κανοῦν,
816 1230 974 1283 ὀστοῦν,
1033 1232 1250 1284 ἀργυροῦσ,
1305 1234 1489 1284 διπλοῦσ,
1544 1234 1798 1285 χειμάρρουσ,
1843 1234 2048 1272 Πάνθουσ

221 1300 332 1337 dicta
368 1301 486 1338 sunt.

339 1367 443 1404 Vitii
474 1367 684 1405 indicium
718 1367 850 1406 habet
881 1367 1164 1415 trisyllabum
1199 1366 1341 1414 ἐϋξόου
1376 1369 1470 1407 sive
1497 1366 1615 1415 ἐΰξου
1628 1377 1660 1406 n.

337 1503 568 1541 Terminus
599 1513 702 1539 -ειοσ
733 1502 777 1541 in
808 1503 1063 1551 posterioris
1095 1503 1193 1542 aevi
1226 1503 1415 1541 dictione
1442 1504 1496 1541 iis
1523 1503 1753 1541 adiectivis
1770 1502 1853 1541 fuit
1870 1502 2046 1550 propius

220 1580 329 1617 quae
367 1570 418 1608 ab
452 1571 741 1609 animantium
775 1570 1026 1609 nominibus
1058 1571 1153 1609 sive
1185 1570 1463 1618 generalibus
1495 1570 1588 1609 sive
1619 1570 1805 1619 propriis
1837 1569 2048 1608 duceban-

220 1640 314 1684 tur3
348 1637 594 1676 cuiusmodi
627 1638 841 1676 adiectiva
874 1639 918 1676 in
951 1637 1221 1676 carminibus
1253 1639 1388 1686 epicis
1419 1640 1524 1676 sunt
1548 1637 1779 1688 γυναίκειοσ
1793 1644 1824 1686 ⁰,
1850 1636 2048 1686 δούλειοσ,

219 1704 391 1753 Turrem,
417 1702 667 1753 ἡμιόνειοσΡ,
694 1704 858 1754 αἴγειοσ,
881 1704 1029 1755 βόειοσ,
1052 1706 1227 1753 κύνειοσ,
1253 1707 1451 1754 ταύρειοσ,
1481 1701 2007 1755 ὀνείρειοσ9,“Ηρακλεέειοσ
2020 1711 2049 1751 ²¹,

222 1772 319 1811 alia.
355 1772 437 1811 Sed
464 1773 507 1810 in
541 1773 662 1821 epica
695 1773 882 1812 dictione
914 1774 984 1811 hic
1016 1773 1232 1811 terminus
1265 1773 1399 1811 etiam
1433 1773 1661 1812 adiectivis
1691 1774 1908 1812 materiem
1939 1772 2048 1811 indi-

222 1840 423 1878 cantibus
469 1834 665 1888 χρΰσειοσ,
704 1840 898 1890 χάλκειοσ,
939 1841 1143 1888 σιὸιίοειοσ
1180 1840 1348 1888 passim
1391 1842 1458 1878 est
1498 1840 1730 1879 tributus&
1763 1840 2048 1888 Frequentior

220 1916 321 1945 vero
368 1908 411 1946 in
459 1908 614 1956 priscis
661 1909 930 1947 carminibus
977 1910 1045 1947 est
1092 1908 1310 1947 terminus
1351 1920 1450 1957 -εοσ,
1495 1908 1652 1955 quiex
1686 1919 1789 1946 -ειοσ
1821 1911 1888 1947 est
1915 1910 2046 1947 natus

220 1977 418 2023 correpta
459 1975 779 2024 diphthongot:
822 1975 1061 2025 χρύσεοσῶ),
1091 1975 1270 2025 χάλκεοσ,
1301 1975 1503 2025 σιδήρεοσ,
1534 1972 1729 2025 ἄργύρεοσ
1743 1982 1776 2024 ”,
1807 1974 2049 2023 μαρμάρεοσ,

219 2043 391 2081 κυάνεοσ
405 2050 436 2092 ¹⁷,
461 2043 614 2092 λίθεοσ,
639 2042 804 2092 βρότεοσ
816 2050 855 2091 ²0,
881 2041 1030 2093 αἴγεοσ,
1055 2041 1189 2093 βόεοσ,
1214 2042 1374 2089 κύνεοσ,
1406 2040 1574 2091 χοίρεοσ,
1598 2037 1824 2091 Ἑκτόρεοσ,
1854 2043 1897 2080 et
1926 2041 2047 2080 femi·

218 2111 322 2149 nina
370 2108 676 2161 Ἀγαμεμυουέκ,
717 2109 934 2159 Νεστορέκ,
973 2107 1109 2158 λυκέκ,
1154 2108 1372 2158 παρδαλέκ.
1420 2108 1613 2147 Maxima
1655 2111 1803 2148 autem
1845 2108 2047 2147 libertate

220 2177 347 2216 modo
392 2177 575 2226 amplior
615 2178 833 2216 terminus
874 2188 988 2226 -ειοσ,
1028 2177 1158 2216 modo
1197 2177 1371 2215 tenuior
1402 2187 1491 2214 -eoo
1523 2178 1590 2214 est
1623 2177 1870 2225 usurpatus,
1904 2176 2048 2224 prouti

218 2245 386 2284 ferebat
415 2247 622 2284 metrum.

339 2313 408 2351 Sic
449 2315 492 2351 et
534 2313 862 2351 substantivum
905 2311 1141 2360 συφε(ι)όσ1
1182 2312 1367 2351 biforme
1405 2313 1472 2350 est
1503 2311 1670 2350 factum
1704 2313 1746 2349 et
1779 2310 2045 2349 adiectivum

220 2379 383 2417 κάδειοσ
415 2390 440 2418 a
470 2380 748 2419 substantivo
780 2379 821 2418 τὸ
853 2380 979 2418 nudos
1012 2380 1192 2418 ductum
1226 2380 1269 2418 in
1301 2379 1448 2417 κάὸεοσ
1484 2378 1590 2417 abiit
1603 2375 1639 2417 ij.

310 2546 328 2564 a
353 2547 367 2564 τ
394 2537 467 2565 196.
603 2535 619 2564 b
643 2540 663 2574 β
687 2536 764 2564 432.
907 2544 922 2565 c
941 2535 960 2573 ξ
986 2536 1038 2565 57.
1185 2534 1208 2564 α’
1229 2535 1259 2564 Ω
1285 2534 1349 2564 ’159
1377 2534 1450 2572 (ubi
1476 2532 1610 2572 papyri,
1634 2536 1741 2564 testes
1764 2534 1918 2564 omnium
1941 2533 2042 2570 longe

221 2589 489 2623 vetustissimae,
512 2596 631 2617 verum
656 2586 840 2627 praebent)
865 2588 958 2617 alibi.
983 2587 1094 2617 Etiam
1120 2588 1257 2617 τοίσδεσι
1283 2588 1302 2617 1.
1325 2596 1354 2616 a.
1380 2595 1442 2625 pro
1468 2587 1583 2616 τοιοίδε
1608 2599 1625 2616 κ
1650 2588 1713 2616 268
1738 2599 1761 2625 φ
1783 2588 1823 2616 93
1849 2587 1882 2623 (ξ
1908 2586 1964 2624 97)
1987 2586 2044 2615 hic

222 2641 394 2670 afferenda
415 2642 478 2670 est.
612 2649 628 2669 e
653 2640 827 2677 Frequem
850 2644 901 2669 est
923 2642 955 2670 in
971 2641 1213 2678 antiquissimo
1226 2640 1401 2677 Odysseae
1416 2640 1532 2669 codice
1547 2640 1586 2668 G.
1714 2638 1745 2679 f
1760 2639 1892 2669 Passim
1918 2639 2046 2675 legitur

221 2695 255 2723 in
290 2695 391 2723 inser.
429 2693 518 2729 Cois,
555 2691 791 2727 Cretensibus,
834 2695 888 2721 τόσ
930 2693 1139 2731 Epicharm.,
1174 2693 1349 2731 παρθένου,
1388 2692 1611 2727 ὁιδυματόκοσ,
1654 2694 1758 2725 λύκου,
1794 2691 1835 2721 al.
1871 2691 2044 2721 Theocrit.

351 2757 371 2785 9
396 2746 477 2775 ΗΘΒ.
500 2745 587 2783 Clip.
611 2745 673 2774 302
698 2747 805 2781 λαγόσ,
831 2754 907 2782 pag.
932 2746 972 2774 72
984 2756 1016 2784 y.
1152 2744 1172 2773 lc
1196 2745 1278 2781 Pag.
1301 2746 1362 2774 166
1383 2753 1412 2773 o.
1545 2743 1558 2773 i
1582 2744 1599 2781 Β
1622 2744 1651 2773 ’7.
1777 2743 1798 2783 j
1822 2756 1839 2773 κ
1860 2744 1923 2773 240
1944 2743 2042 2783 αὐτὰρ

221 2805 306 2832 rofio.
331 2800 396 2837 leg.
420 2800 496 2828 ἀλλὰ
518 2801 601 2828 voert.
783 2797 802 2826 lc
827 2801 857 2827 Ν
881 2800 956 2827 138.
1144 2798 1202 2827 IA
1230 2798 1293 2827 452
1322 2801 1344 2827 Ε
1379 2799 1420 2827 88
1446 2800 1475 2826 A
1501 2798 1564 2827 493
1588 2797 1699 2835 (codd.
1723 2799 1926 2835 χειμάρρουσ,
1951 2807 2042 2836 -ρροι,

221 2860 342 2892 -ρρωι-;
369 2854 437 2891 -ἄρ-
463 2854 499 2880 ut
525 2850 559 2879 in
586 2854 739 2890 χείμαρον
763 2851 841 2879 Hes.
868 2851 929 2888 Op.
956 2851 1031 2885 626,
1056 2854 1222 2891 Χείμαροσ
1246 2851 1348 2880 inser.
1372 2851 1471 2880 Locr.
1499 2850 1594 2880 1485.
1770 2858 1797 2877 m
1824 2851 1854 2878 Γ
1878 2849 1954 2882 1463
1981 2856 2043 2885 pro

225 2908 370 2939 Πάνθου,
395 2917 443 2933 -ωι
471 2908 497 2933 Ρ
521 2905 573 2939 29,
599 2905 651 2938 23,
676 2903 730 2943 40,
757 2904 796 2932 59
823 2903 890 2940 leg.
911 2906 1076 2937 Ilm-⁹600,
1098 2906 1176 2938 -όωι,
1196 2912 1274 2942 pag,
1298 2904 1338 2932 82
1351 2905 1374 2938 t,
1396 2901 1477 2932 831ι.
1612 2912 1632 2931 n
1658 2904 1687 2931 Κ
1707 2902 1781 2935 373,
1800 2900 1905 2935 ἐῦξόου
1927 2900 2043 2939 δουρὸσ

221 2966 334 3000 aarum.
360 2965 426 3001 leg.
448 2964 554 2997 εῡεόου
580 2966 691 3002 ἕγχωσ
715 2965 825 3001 nexuri,
847 2966 886 2992 ut
910 2966 938 2992 B
964 2964 1027 2992 390
1053 2964 1094 2992 al.
1260 2973 1277 2993 ο
1300 2967 1316 2993 2
1341 2964 1418 2994 437.
1584 2973 1605 3002 p
1630 2964 1642 2997 ς
1668 2962 1721 2992 72.
1857 2944 1895 3000 “q
1923 2961 1939 2989 d
1965 2961 2042 2990 809.

220 3017 369 3047 Homero
395 3017 506 3057 ὄνειροι
531 3018 601 3046 vita
625 3019 659 3046 et
683 3025 827 3054 corpore
853 3019 951 3045 erant
974 3016 1134 3054 praediti.
1270 3027 1286 3046 r
1311 3017 1327 3054 ἓ
1355 3017 1406 3046 73.
1585 3025 1601 3044 e
1625 3014 1789 3052 Congruit
1812 3017 1914 3053 τυρείη
1940 3014 2042 3043 inser.
2106 3030 2109 3033 ,

223 3070 294 3099 Ion.
321 3071 399 3099 1142.
560 3073 571 3098 t
595 3069 613 3107 ξ
641 3069 691 3098 17.
841 3079 859 3098 u
884 3069 995 3098 Metro
1022 3071 1102 3106 apta
1127 3077 1194 3098 non
1220 3071 1318 3098 erant
1341 3070 1508 3109 ἀργύρειοσ
1533 3070 1567 3097 et
1590 3067 1726 3096 similia.
1903 3075 1920 3094 v
1945 3065 1963 3101 ξ
1989 3066 2042 3096 21.

355 3132 381 3151 w
406 3132 421 3150 τ
447 3121 509 3151 545
536 3122 615 3151 Hes.
640 3122 742 3160 Oper.
767 3122 844 3150 416.
1068 3132 1089 3150 ,τ
1112 3123 1192 3150 -ειόσ
1217 3133 1234 3150 κ
1260 3122 1336 3159 389,
1361 3124 1427 3150 -εόο
1455 3132 1472 3150 κ
1498 3120 1561 3149 238
1587 3119 1630 3148 al.
1859 3117 1883 3157 ι]
1911 3121 1944 3148 Ψ
1967 3119 2041 3148 160.
