2234 3443
266 192 351 230 314
744 202 797 229 m:
828 201 1051 230 STIRPIBUS
1083 202 1129 230 m
1159 201 1185 240 ῑ,
1216 201 1253 241 ῦ,
1284 202 1615 230 DIPHTHONGUM.
1915 195 1954 239 [5
1992 194 2076 232 168

262 312 425 366 ἀδρεήσ,
462 314 654 367 &sod-1:756,
695 314 851 366 δρεῑμα,
891 315 1004 354 unde
1034 316 1360 364 posthomerica
1387 315 1516 355 verba
1546 315 1765 366 δειμαίνειν
1791 320 2000 356 metuerea
2032 319 2077 356 et

265 382 480 429 δειματοῦν
511 379 691 421 terrereb
723 384 826 420 sunt
859 382 1001 421 ducta.

380 450 417 488 A
464 450 599 498 stirpe
630 448 968 496 reduplicatione
1000 450 1155 488 ornata
1181 449 1355 501 ds-dfz-ac
1387 449 1566 488 ductum
1599 451 1667 489 est
1697 460 1861 489 novum
1894 451 2075 490 verbum

264 514 513 566 &edflnjouac
545 516 637 554 Sive
669 514 955 566 dsdfloooumc
985 517 1126 564 terreo,
1160 515 1238 555 fut.
1273 514 1546 568 dsdflgouoctd,
1577 527 1665 556 aor.
1698 515 1960 570 ἐδεδμξάμκν
1973 525 1998 556 ⁶.

381 582 594 621 Praesens
636 581 752 619 δείδω
792 582 924 630 timeo,
964 583 1074 629 quod
1118 583 1160 621 in
1193 585 1319 621 textu
1352 584 1514 622 tradito
1545 584 1704 632 legitur
1736 595 1943 623 versuum
1975 594 2078 623 non—

267 648 484 688 nullorum
516 650 639 688 initio
653 647 683 697 f,
715 649 863 697 lingua
895 649 1035 687 invita
1066 651 1133 688 est
1161 650 1416 699 formatum,
1450 661 1551 689 nam
1580 651 1808 691 dicendum
1842 654 1934 691 erat
1962 651 1981 688 δ
1982 650 2078 703 ,μείω

264 716 341 753 aut
386 715 559 767 dadfslco,
605 715 810 754 utilitatis
857 718 1004 755 autem
1053 716 1162 754 nihil
1210 717 1396 755 habebat
1443 718 1658 757 eiusmodi
1704 728 1911 767 praesens
1958 720 2084 757 iuxta

264 783 505 830 perfectum
548 783 742 821 eiusdem
783 783 1018 831 potestatis
1061 783 1198 836 δέδμα
1240 784 1335 823 sive
1367 783 1563 837 dfflfoma.
1598 785 1865 835 Quapropter
1896 786 1978 824 fuit
2008 785 2081 834 qui

266 860 288 888 e
330 849 465 887 δείδοα
505 850 599 888 sive
637 849 782 901 ds'tisoa
824 852 1094 890 contractum
1137 852 1477 900 suspicaretura.
1520 852 1599 901 Qui
1641 853 1678 892 si
1712 863 1865 892 verum
1897 853 2081 891 vidisset

263 917 524 965 philologuS‚
563 917 829 956 scribendum
866 919 983 956 esset
1023 916 1179 969 δέδροα,
1223 918 1290 957 vel
1328 920 1472 967 potius
1503 917 1678 971 de'dfoca,
1711 919 2078 967 quemadmodum

264 982 353 1021 υἵόσ
395 986 438 1022 et
475 978 560 1021 οἷοσ
596 983 655 1022 ibi
686 993 855 1031 quoque
892 985 1140 1023 scribuntur
1171 985 1243 1023 ubi
1280 988 1478 1034 correpta
1509 989 1577 1025 est
1609 983 1955 1035 diphthongus&
1989 996 2080 1024 con-

262 1050 373 1089 trahi
418 1053 567 1090 autem
613 1051 910 1099 diphthongus
955 1052 1085 1090 metri
1133 1062 1265 1091 causa
1311 1063 1387 1101 pro
1427 1052 1550 1092 brevi
1597 1054 1747 1092 habita
1793 1063 1892 1093 cum
1939 1052 2080 1092 vocali

264 1119 463 1166 sequenti
503 1128 588 1157 non
633 1118 786 1167 potuit,
830 1128 933 1156 nam
975 1118 1209 1158 dirimebat
1245 1129 1380 1159 sonus
1411 1120 1514 1160 iota.
1549 1120 1630 1159 Sed
1663 1120 1869 1168 quoniam
1901 1119 2081 1168 perfecti

265 1183 425 1236 tls'dfom
456 1185 695 1233 vestigium
726 1185 896 1224 nullum
929 1187 1065 1232 extat,
1099 1187 1385 1226 notissimum
1417 1198 1520 1227 vero
1552 1190 1619 1226 est
1650 1188 1779 1226 δείδια
1810 1188 1904 1227 sive
1934 1187 2087 1240 δέδυεια,

263 1251 375 1299 quod
400 1251 581 1291 debetur
616 1252 855 1301 analogiae,
888 1253 995 1292 haec
1025 1253 1167 1292 forma
1193 1254 1378 1294 vitiosae
1409 1255 1472 1311 illi
1499 1254 1616 1293 δείδω
1643 1256 1710 1294 est
1737 1254 2043 1294 substituenda
2057 1252 2082 1303 2',

263 1318 430 1357 duobus
472 1321 620 1358 autem
652 1319 760 1358 locis
791 1330 845 1358 ex
878 1320 1198 1369 exemplarium
1230 1322 1540 1361 nonnullorum
1573 1322 1836 1361 auctoritate
1867 1322 1908 1360 id
1941 1323 2086 1370 potest

264 1382 403 1425 fierij.
432 1385 564 1425 Utilis
596 1387 663 1425 est
693 1388 828 1426 etiam
861 1388 932 1426 hic
964 1397 1141 1427 versus:

559 1453 675 1492 δείδω
707 1454 761 1504 μή
788 1469 822 1492 τι
852 1454 1056 1505 πάθηισιν
1088 1453 1146 1494 ἐνὶ
1181 1455 1353 1506 Τρώεσσι
1384 1455 1620 1506 μονωθείσῖθ

265 1523 546 1569 comparatus
578 1531 678 1560 cum
710 1522 1016 1569 sequentibus:

561 1587 681 1627 ὅσσον
712 1587 802 1638 ἐμῆι
833 1592 1004 1638 aemulat
1035 1587 1124 1640 πέρι
1150 1590 1277 1629 δείδια
1308 1590 1363 1641 μή
1394 1606 1428 1630 τι
1459 1591 1644 1641 πάθηισι.

559 1661 629 1694 τοῦ
662 1651 695 1693 δ’
733 1653 989 1706 ἀμφιτρομέω
1021 1655 1088 1695 καὶ
1120 1657 1247 1696 δείδια
1279 1657 1333 1708 μή
1364 1674 1399 1696 τι
1430 1658 1605 1709 πάθηισι
1618 1656 1640 1696 l.

386 1722 495 1761 Nam
538 1723 623 1761 nisi
663 1724 833 1772 primus
878 1724 1127 1763 hexametri
1158 1735 1234 1773 pes
1265 1725 1398 1764 aliam
1429 1726 1608 1775 perfecti
1639 1726 1827 1765 formam
1858 1723 2086 1773 flagitabat

268 1790 397 1836 atque
438 1794 632 1836 quartus,
677 1790 766 1829 illic
808 1800 976 1838 quoque
1019 1791 1156 1844 δέδμα
1202 1791 1314 1831 dixit
1355 1795 1496 1842 poeta.
1539 1793 1592 1832 Et
1629 1792 1798 1832 duobus
1830 1793 1946 1831 certe
1976 1790 2086 1829 locis

265 1856 545 1904 trisyllabum
571 1857 679 1896 illud
703 1857 829 1896 δείδια
855 1858 898 1897 in
926 1859 1067 1907 primo
1093 1859 1199 1907 pede
1225 1860 1320 1898 sine
1345 1861 1644 1900 controversia
1670 1862 1794 1900 extat
1816 1859 2027 1898 traditum
2041 1865 2086 1907 m,

266 1923 455 1971 priscam
487 1925 634 1963 autem
666 1927 807 1963 artem
839 1926 1040 1964 imitatus
1071 1926 1286 1974 Panyasis
1318 1928 1453 1966 dixit:

563 1991 690 2030 δείδια
721 1990 795 2043 γὰρ
826 1992 1008 2042 τριτάτησ
1039 1993 1183 2043 μοίρησ
1214 1992 1421 2044 μελιηδέοσ
1447 1994 1560 2033 οἴνου
1592 1993 1710 2033 mest.

383 2058 641 2106 Apollonius
682 2069 784 2098 vero
815 2059 1040 2099 Rhodius0
1071 2062 1114 2099 et
1145 2060 1219 2099 alii
1247 2062 1462 2109 sequioris
1498 2062 1658 2101 aetatis
1689 2063 1871 2111 poetaep
1902 2060 2082 2098 verbum

268 2123 531 2172 disyllabum
564 2125 681 2165 δείδω
718 2137 772 2166 ex
805 2128 1117 2167 recentioribus
1149 2129 1390 2177 priscorum
1418 2130 1663 2169 carminum
1691 2126 2017 2177 exemplaribus
2042 2126 2087 2165 in

269 2201 349 2229 sua.
378 2192 573 2240 ipsorum
605 2195 802 2233 carmina
833 2195 1169 2236 transtulerunt.

401 2359 420 2378 a
443 2351 536 2387 Tyrt.
568 2350 607 2379 fr.
641 2347 696 2380 11³
728 2351 881 2388 Theogn.
914 2352 976 2381 541
1004 2352 1126 2382 Aeson.
1151 2353 1264 2383 Prom.
1289 2354 1329 2382 41
1359 2353 1462 2391 Soph.
1487 2352 1570 2383 Oed.
1596 2353 1630 2383 O.
1651 2353 1717 2382 492
1743 2352 1823 2382 Eur.
1846 2350 1936 2382 Med.
1961 2351 2001 2379 39
2027 2350 2082 2378 Ar.

269 2401 369 2439 Vesp.
396 2403 481 2431 1042
506 2402 670 2435 Herodot.
694 2403 710 2432 I
736 2404 798 2433 159
824 2404 867 2434 al.
1067 2404 1083 2433 b
1108 2405 1272 2435 Herodot.
1296 2405 1341 2436 VI
1367 2407 1384 2434 3
1410 2407 1465 2435 Ar.
1490 2406 1574 2436 Rau.
1601 2407 1663 2436 144
1687 2406 1731 2435 al.
1919 2413 1935 2433 c
1969 2406 1995 2432 B
2022 2402 2087 2432 190

267 2453 343 2491 (ubi
373 2455 469 2484 fuere
499 2453 559 2492 qui
585 2457 720 2485 metuere
742 2456 1069 2495 interpretarentur)
1095 2461 1122 2487 A
1150 2458 1212 2488 184
1236 2461 1276 2487 M
1293 2459 1334 2487 52
1360 2462 1393 2488 N
1410 2460 1473 2488 810
1502 2459 1602 2489 0196
1627 2459 1675 2497 (h.
1700 2459 1804 2488 Mero.
1831 2457 1893 2487 163
1919 2456 2086 2487 δεδίσσεαι,

269 2506 368 2536 codd.
401 2506 584 2544 τιτύσκεαι).
618 2507 747 2538 Vitium
781 2518 847 2539 non
882 2512 981 2539 sonat
1010 2511 1183 2540 ἐδεδίσκετο
1209 2510 1265 2540 Αι·.
1285 2512 1365 2548 Lys.
1390 2512 1466 2547 564,
1490 2512 1654 2549 quoniam
1678 2509 1928 2550 606(f)ioxopm:
1954 2509 2084 2546 dfax=

267 2561 420 2597 fusionem:
455 2571 521 2597 fin,
556 2560 617 2589 sed
653 2561 821 2590 ἐδεδίττετο
851 2560 1034 2600 scripsisse
1066 2561 1202 2592 videtur
1232 2564 1396 2593 comicus.
1426 2564 1476 2593 De
1506 2563 1652 2602 perfecti
1682 2562 1955 2600 reduplicatione
1985 2559 2086 2597 stirpi

269 2612 463 2649 praesentis
487 2612 605 2641 addita
629 2621 707 2650 pag.
731 2613 795 2642 272
810 2613 885 2652 ῃζε,
911 2615 973 2644 301
989 2613 1019 2644 k.
1187 2614 1210 2645 d
1233 2620 1262 2644 Υ
1283 2616 1360 2651 201,
1385 2616 1449 2646 432
1475 2617 1555 2646 Hes.
1581 2615 1667 2654 clip.
1690 2617 1764 2645 111.
1929 2623 1945 2643 e
1968 2617 1993 2643 Σ
2013 2613 2087 2642 164.

394 2663 426 2704 s
446 2665 475 2693 1(
499 2665 539 2694 39
568 2666 596 2693 A
622 2666 685 2694 470
710 2668 739 2694 N
764 2666 828 2695 '745
849 2667 886 2698 Ξ
907 2668 947 2696 44
973 2669 1003 2695 Τ
1021 2668 1061 2696 24
1088 2672 1116 2695 Υ
1139 2668 1180 2697 30
1207 2671 1238 2697 Χ
1263 2668 1327 2698 455
1356 2681 1368 2697 ι
1394 2669 1470 2706 300,
1485 2668 1765 2705 419,473μ122.
1895 2676 1916 2706 9
1941 2666 2086 2695 Mahlow

268 2716 388 2745 Kuhns
412 2716 530 2746 Zschr.
550 2715 658 2746 XXIV
684 2718 747 2747 293
773 2727 850 2756 sqq.
1015 2718 1034 2748 Ιι
1059 2720 1139 2757 Pag.
1166 2721 1206 2750 87
1222 2720 1252 2757 Ιι,
1277 2721 1340 2750 232
1356 2730 1385 2750 e.
1541 2720 1553 2750 i
1578 2721 1686 2751 Cobet
1710 2721 1876 2750 Mnemon.
1904 2718 1997 2754 1874,
2020 2716 2084 2746 208

270 2769 326 2805 (=
349 2769 444 2799 Misc.
470 2769 523 2799 Cr.
548 2768 638 2809 270),
661 2770 779 2800 Nauck
803 2771 913 2801 Praef.
935 2771 998 2803 Od.
1022 2772 1037 2801 I
1060 2781 1120 2809 111,
1144 2773 1183 2802 Il.
1209 2773 1224 2802 Ι
1249 2781 1323 2807 xm,
1348 2772 1428 2803 Mel.
1452 2774 1509 2804 Gr.
1533 2774 1571 2803 R.
1597 2773 1642 2803 1v
1668 2772 1731 2802 3:39
1756 2782 1806 2810 sq.
1943 2771 1964 2810 j
1988 2773 2022 2801 Ξ
2042 2770 2085 2798 44

272 2833 285 2850 ε
311 2819 386 2852 473.
510 2821 530 2850 k
555 2824 583 2850 A
607 2820 683 2854 470.
810 2822 823 2852 l
845 2826 872 2852 Ρ
895 2823 957 2853 242
982 2824 1000 2853 δ
1024 2823 1098 2854 820.
1222 2835 1250 2854 m
1276 2828 1310 2854 Φ
1332 2825 1394 2854 536
1421 2826 1454 2856 h.
1478 2826 1583 2856 Mero.
1608 2825 1681 2855 514.
1795 2835 1815 2853 n
1850 2824 1971 2854 Athen.
1998 2823 2038 2851 36
2053 2822 2087 2852 d.

402 2883 420 2903 o
441 2873 494 2903 111
520 2873 594 2906 481.
725 2885 747 2915 p
772 2875 831 2905 Ex.
855 2884 905 2913 gr.
929 2876 955 2912 Q
980 2877 1112 2914 Smyrn.
1136 2877 1170 2906 II
1195 2876 1258 2906 392
1283 2878 1373 2907 δείδω
1397 2879 1430 2907 δὲ
1454 2881 1513 2908 xta.
