2234 3443
214 170 267 207 24
990 179 1248 208 PRAEFATIO.

211 293 304 331 loco
344 293 537 341 proferre
579 293 778 341 ineptum
816 303 870 331 ne
899 292 959 331 ibi
990 293 1167 340 quidem
1201 293 1430 333 videbatur
1461 295 1533 334 ubi
1566 297 1680 335 seria
1711 299 1841 345 atque
1873 300 2035 347 gravis—

211 360 327 397 sima
358 359 612 407 agebantur.
644 360 796 408 Itaque
830 360 1002 399 Solonis
1034 361 1179 398 aetate
1207 363 1414 410 Ἀθηναῖοι
1433 357 1608 411 Ὅμήρωι
1635 364 1804 416 μάρτυρι
1820 364 2036 416 ἐχρήσαντο

210 425 300 477 περὶ
331 429 607 476 Σαλαμῑυοσα,
642 427 775 466 allato
808 428 888 466 hoc
920 428 971 465 de
1003 427 1150 466 Aiacis
1182 427 1411 466 Salaminii
1443 429 1579 477 copiis
1612 441 1764 471 versu:

561 490 695 532 ’στῆσε
728 491 762 532 δ’
799 492 908 545 ἄγων
939 490 992 531 i'v’
1028 495 1255 533 Άθκναίων
1286 495 1444 534 ἵσταντο
1477 494 1719 548 φάλαγγεσῦ,

212 556 256 592 et
302 553 541 592 Menesthei
586 554 708 592 ducis
747 554 1086 593 Atheniensium
1127 555 1180 594 ab
1213 554 1405 594 Homero
1436 555 1616 605 laudati,
1648 560 1698 596 ut
1728 559 1771 596 in
1804 559 1896 597 acie
1926 559 2035 597 ordi-

211 621 355 659 nanda
409 621 711 669 peritissimic,
764 622 930 660 mentio
977 624 1046 660 est
1091 622 1208 661 facta
1263 624 1306 661 in
1354 627 1641 663 monumento
1689 625 1873 675 publico,
1923 626 2034 673 quod

212 698 326 727 anno
359 689 446 727 470
477 689 530 727 ad
558 689 841 736 Strymonem
874 691 943 728 est
975 691 1194 728 erectum:

596 755 639 793 ἔκ
668 769 761 794 ποτε
792 756 910 805 τῆσδε
940 756 1093 807 πόληοσ
1124 753 1187 807 ἅμ’
1224 757 1451 808 Ἀτρεΐδηισι
1484 757 1728 797 Μενεσθεὺσ

654 820 785 874 ἡγεῖτο
818 824 967 870 ζάθεον
1002 823 1180 874 Τρωϊκὸν
1213 824 1270 863 εἰσ
1301 824 1453 863 πεδίον·

596 889 642 929 ὅν
672 887 770 929 ποθ’
795 889 974 942 Ὅμηροσ
1004 892 1082 942 ἔφη
1116 895 1292 931 Δαναῶν
1324 892 1433 931 πύκα
1466 894 1717 944 θωρηκτάων

656 964 888 1009 κοσμητῆρα
920 961 1051 1010 μάχησ
1081 959 1217 1011 ἔξοχον
1250 958 1346 998 ὄντα
1378 963 1527 1010 μολεῖν.

595 1025 724 1064 οὕτωσ
755 1024 874 1064 οὐδὲν
906 1024 1038 1065 ἀεικὲσ
1069 1028 1320 1077 Ἀθηναίοισι
1350 1030 1563 1066 καλεῖσθαι

654 1086 874 1144 κοσμηταῖσ
904 1093 1081 1144 πολέμου
1114 1092 1141 1133 τ’
1161 1093 1265 1144 ἀμφὶ
1295 1093 1363 1133 καὶ
1394 1093 1567 1145 ἠνορέησ
1580 1092 1611 1133 d.

331 1160 428 1209 Ipse
468 1160 605 1208 igitur
645 1163 769 1209 pater
812 1172 995 1211 poeseos
1036 1162 1330 1201 Athenienses
1371 1163 1637 1211 hegemonia
1678 1163 1834 1211 dignos
1875 1163 2042 1201 dixisse

212 1226 455 1266 videbatur.
483 1228 535 1266 Et
561 1228 701 1267 isdem
730 1229 910 1268 Homeri
932 1229 1136 1269 versibus
1163 1230 1312 1268 allatis
1338 1230 1472 1279 legati
1504 1231 1800 1270 Athenienses
1832 1231 2040 1270 Gelonem

213 1294 541 1342 Syracusanum
574 1296 732 1334 classis
764 1296 954 1335 Graecae
983 1297 1219 1346 imperium
1252 1297 1534 1336 affectantem
1568 1298 1716 1338 decem
1750 1298 1878 1337 annis
1910 1299 2042 1337 antea

212 1372 288 1410 spe
321 1363 531 1402 deiecisse
561 1363 763 1402 feruntur
776 1370 805 1401 e.

332 1497 413 1536 Sed
442 1497 632 1536 multum
657 1498 809 1537 aberat
842 1500 890 1537 ut
926 1499 1098 1537 Solonis
1130 1499 1199 1538 vel
1230 1500 1542 1539 Themistoclis
1576 1501 1643 1540 vel
1672 1501 1853 1539 Periclis
1885 1510 2038 1548 aequa-

209 1564 325 1603 libus
358 1565 554 1604 carmina
585 1565 767 1604 Homeri
798 1566 933 1605 etiam
970 1567 1197 1606 intellectu
1234 1568 1447 1606 facillima
1478 1571 1641 1608 essent.
1673 1569 1816 1607 Immo
1843 1568 2038 1606 studium

212 1632 327 1670 haud
360 1633 568 1681 exiguum
601 1634 646 1671 et
676 1635 772 1672 tum
806 1635 850 1672 et
881 1636 1035 1682 postea
1067 1644 1091 1673 a
1118 1635 1264 1683 pueris
1297 1635 1494 1675 adhiberi
1525 1645 1707 1675 necesse
1739 1636 1821 1675 fuit
1848 1637 1897 1674 ut
1922 1637 2041 1674 recte

212 1700 406 1748 accipere
452 1702 632 1749 possent
672 1711 782 1749 quae
814 1703 938 1740 vates
971 1702 1139 1741 vetusti
1165 1703 1385 1744 dixerunt.
1418 1704 1542 1752 Ipsos
1574 1703 1816 1752 rhapsodos
1848 1703 2043 1742 carmina

210 1769 300 1817 illa,
347 1768 392 1806 in
440 1767 596 1815 quibus
641 1769 941 1808 declamandis
987 1770 1127 1808 vitam
1171 1771 1386 1819 terebant,
1427 1781 1583 1820 parum
1627 1770 1901 1809 intellexisse
1928 1770 2040 1819 apud

212 1835 548 1884 Xenophontem
595 1836 657 1875 ait
707 1834 953 1876 Socratesf.
1005 1858 1055 1864 —
1109 1837 1198 1886 „Tu
1246 1839 1378 1877 vero”
1427 1860 1480 1865 —
1529 1839 1582 1877 ad
1628 1838 1882 1877 Niceratum
1914 1837 2039 1876 illum

211 1904 414 1942 iuvenem
459 1903 667 1953 nobilem,
712 1905 835 1943 cuius
873 1915 1006 1953 supra
1037 1905 1198 1944 iniecta
1231 1910 1299 1944 est
1328 1907 1510 1958 mentio,
1542 1916 1782 1945 conversus
1811 1906 1956 1955 pergit
1989 1927 2040 1933 —

215 1971 433 2020 „multum
480 1972 651 2020 argenti
697 1972 857 2011 dedisti
896 1973 1004 2011 viris
1044 1973 1185 2012 doct1s
1221 1973 1464 2013 Homerum
1496 1973 1903 2022 interpretantibus,
1945 1971 2043 2010 ὥστε

210 2037 331 2077 οὐδέν
362 2050 405 2076 σε
435 2044 512 2076 τῶν
544 2041 692 2077 πολλοῦ
725 2037 848 2085 ἀξίων
878 2037 1091 2089 λέληθεν.”

329 2106 612 2145 Eruditorum
654 2107 772 2145 enim
805 2108 1034 2147 hominum
1068 2118 1139 2147 ars
1165 2108 1245 2147 VI⁰
1276 2109 1453 2148 saeculo
1484 2111 1527 2148 et
1558 2110 1710 2158 postea
1740 2106 2043 2156 requirebatur

211 2173 264 2211 ad
321 2174 565 2213 Homerum
623 2175 799 2214 Graecis
851 2178 968 2214 recte
1025 2176 1418 2225 interpretandum.
1468 2176 1660 2226 Quorum
1703 2175 2043 2223 antiquissimus

211 2245 584 2282 commemoratur
633 2242 862 2292 Theayenes
907 2244 1158 2292 Rheginus;
1207 2245 1305 2283 dein
1352 2245 1473 2284 fuere
1516 2243 1808 2284 Stesimbrotus
1838 2242 2039 2290 Thasius,

210 2308 469 2349 Metrodorus
494 2311 836 2360 Lampsacenus,
866 2310 1023 2350 Glauco
1049 2312 1118 2350 vel
1138 2311 1323 2351 Glaucus
1343 2313 1449 2351 item
1469 2312 1736 2360 Rheginusy,
1756 2311 1832 2349 alii
1847 2309 2040 2358 plurimi.

329 2377 377 2415 In
410 2377 524 2416 ludis
556 2380 704 2417 autem
736 2379 964 2418 litterariis
989 2380 1207 2428 quomodo
1234 2381 1436 2428 magistri
1462 2389 1620 2429 pueros
1645 2379 1841 2427 linguam
1871 2377 2039 2425 epicam

298 2559 317 2577 a
345 2549 482 2578 Aristot.
519 2550 618 2579 Rhet.
640 2550 656 2579 I
684 2550 734 2579 15.
869 2550 885 2580 b
909 2554 937 2580 Β
961 2552 1035 2581 558.
1061 2552 1170 2587 Quem
1195 2560 1333 2581 versum
1359 2551 1400 2580 ab
1425 2551 1501 2589 ipso
1527 2551 1653 2581 Solone
1677 2551 1731 2580 vel
1756 2558 1775 2579 a
1801 2550 1982 2580 Pisistrato
2004 2548 2038 2577 in

210 2602 341 2631 textum
364 2601 484 2631 Iliadis
509 2611 583 2631 esse
604 2604 791 2640 invectum,
811 2606 850 2633 ut
875 2604 934 2633 illo
956 2603 1157 2634 testimonio
1175 2603 1227 2634 uti
1249 2606 1368 2643 posset
1386 2604 1429 2633 ad
1454 2604 1667 2634 Salaminem
1686 2603 1835 2633 insulam
1858 2601 2041 2632 Athenien-

209 2653 305 2683 sibus
330 2655 583 2692 vindicandam,
607 2656 704 2685 fuere
728 2656 787 2694 qui
811 2655 1035 2694 perhiberent
1059 2658 1244 2695 malignius
1264 2665 1367 2694 quam
1387 2657 1613 2695 probabilius.
1634 2656 1719 2686 Nam
1741 2656 1896 2693 ineptum
1917 2655 2040 2684 fuisset

211 2707 252 2736 ad
290 2716 425 2737 versum
464 2717 574 2746 nuper
607 2709 725 2738 fictum
758 2718 962 2747 provocare:
989 2719 1028 2739 ea
1053 2710 1193 2740 demum
1219 2709 1351 2747 aliquid
1376 2709 1491 2739 valere
1515 2711 1676 2748 poterant
1700 2708 1742 2738 ad
1765 2708 1882 2737 hostes
1905 2723 1949 2728 —
1972 2715 2039 2736 nou

208 2760 395 2789 vincendos
430 2761 583 2798 quidem,
618 2761 679 2790 sed
713 2761 747 2790 in
772 2761 1008 2799 disputatione
1033 2765 1125 2792 certe
1150 2762 1387 2798 confutandos,
1416 2771 1505 2800 quae
1529 2762 1562 2791 in
1589 2761 1739 2791 carmine
1762 2761 1899 2791 vetusto
1924 2762 2040 2789 extare

211 2820 331 2841 omnes
366 2813 488 2842 Graeci
523 2815 662 2843 scirent.
797 2823 813 2843 c
839 2817 864 2843 B
901 2815 1089 2845 552—555.
1225 2815 1249 2845 d
1276 2815 1436 2845 Aeschin.
1461 2814 1514 2844 III
1536 2814 1553 2852 §
1581 2814 1757 2844 183—185
1782 2811 1875 2842 Plut.
1899 2810 1983 2841 Cim.
2009 2812 2038 2841 7.

343 2875 359 2894 e
382 2866 547 2897 Hei-odot.
570 2867 634 2897 VII
661 2868 740 2903 161;
767 2865 827 2904 qui
854 2867 982 2896 similia
1005 2866 1159 2897 narravit
1183 2868 1246 2897 VII
1273 2869 1335 2897 148
1359 2868 1387 2898 V
1412 2869 1453 2897 94
1479 2866 1576 2897 alibi.
1711 2865 1735 2903 f
1753 2866 1837 2895 Xen.
1863 2863 2036 2894 Conv.l.l.

212 2918 246 2945 et
280 2917 420 2947 Memor.
457 2919 500 2948 IV
539 2922 555 2949 2
590 2919 610 2958 ξ
645 2921 695 2949 10.
720 2920 838 2957 Neque
863 2920 964 2949 aliter
987 2921 1139 2950 sentiens
1164 2922 1325 2950 Socrates
1349 2920 1525 2950 inducitur
1548 2921 1582 2949 in
1607 2918 1761 2948 Platonis
1785 2917 1920 2953 dialogo
1944 2917 2038 2946 Ione.

210 2969 312 2998 Haud
352 2970 468 3007 inique
502 2975 617 3002 autem
654 2972 884 3011 philosophos
919 2973 962 3003 de
995 2974 1037 3002 iis
1073 2973 1247 3003 iudicasse
1284 2976 1432 3004 testatur
1461 2982 1582 3004 versus
1615 2975 1650 3002 Φ
1673 2973 1731 3002 26;
1758 2973 1773 3001 ὁ
1799 2972 1829 3001 ὁ·
1858 2971 1921 2999 ἐπεὶ
1945 2970 2038 3004 ’κάμε

212 3027 321 3061 Χεῖρασ
344 3025 471 3062 ἐναίρων
489 3025 530 3054 ab
552 3026 763 3055 Hermodoro
785 3026 955 3063 rhapsodo
976 3026 1024 3055 ita
1038 3026 1192 3063 prolatus
1205 3028 1244 3056 ut
1257 3035 1361 3056 voces
1374 3033 1486 3065 χεῖρασ
1502 3028 1630 3065 ἐναίρων
1647 3023 1822 3054 artissime
1836 3024 2038 3054 coniunctae

210 3075 245 3104 id
282 3075 373 3112 quod
407 3083 601 3117 χειροκοπὼν
637 3078 834 3115 significare
860 3076 1072 3108 viderentur.
1203 3088 1226 3117 9
1258 3079 1372 3108 Schol.
1407 3083 1434 3107 Υ
1465 3078 1506 3108 67
1538 3078 1620 3108 Xen.
1656 3077 1704 3108 l.l.
1729 3077 1816 3107 Plat.
1839 3077 1912 3107 Ion.
1939 3077 2036 3107 530a

212 3129 346 3160 Tatian.
372 3131 448 3160 adv.
474 3131 625 3161 Graecos
652 3133 666 3169 ,ξ
695 3133 747 3162 48.
