2234 3443
236 153 292 190 42
1030 168 1084 195 DE
1119 168 1274 196 METRo.
1888 162 1926 206 [ἓ
1964 162 2000 212 1,
2035 166 2054 200 2

233 279 344 316 inter
375 287 422 316 se
455 279 669 318 similium
696 290 783 319 non
816 282 883 320 est
914 281 1112 329 augenda
1124 289 1157 322 α.
1189 281 1301 320 Nam
1328 281 1387 319 ibi
1413 282 1695 330 potissimum
1723 283 1767 321 in
1794 284 2060 322 carminibus

233 344 368 393 epicis
415 366 468 372 —
517 347 565 385 ut
611 346 662 385 de
703 347 771 384 his
813 347 919 386 solis
949 346 1027 386 fiat
1058 358 1204 386 sermo
1238 369 1289 375 —
1324 348 1500 386 auditur
1531 349 1795 399 parechesis‚
1827 349 1900 388 ubi
1931 350 2062 388 vitari

233 411 308 449 vix
355 414 431 450 aut
477 422 531 451 ne
579 412 654 451 vix
701 414 876 461 quidem
924 416 1108 463 poterat,
1156 415 1258 462 quia
1299 414 1530 453 nominum
1571 415 1686 454 inter
1716 426 1763 455 se
1795 417 2060 456 sociatorum

231 479 427 527 syllabas
459 478 612 519 finales
644 481 871 520 concinere
901 480 1078 520 iubebat
1109 481 1281 529 lingua;
1315 492 1383 521 ex.
1416 492 1502 530 gr.:

558 546 691 586 ἕσπετε
723 554 799 587 νῦν
832 564 914 599 μοι,
946 550 1131 589 Μοῦσαι
1158 545 1358 598 Ὀλύμπια
1392 546 1534 598 δώματ’
1574 549 1752 600 ἔχουσαι
1765 548 1791 588 ὖ.

557 613 600 653 ἐκ
630 615 704 666 γὰρ
731 613 928 667 Ὀρέσταο
961 617 1062 656 τίσισ
1094 616 1247 656 ἔσσεται
1278 617 1484 666 Ἀτρεΐδαο
1498 625 1524 655 ⁰.

556 682 675 734 Ἀργὼ
707 690 804 722 πᾶσι
836 684 1027 734 μέλουσα
1057 681 1149 734 παρ’
1189 684 1343 723 Αἰήταο
1375 683 1609 725 πλέουσαά.

231 750 352 788 Artis
385 750 690 790 reconditioris
723 752 937 792 eiusmodi
969 752 1340 791 homoeoteleutis
1371 752 1480 790 nihil
1514 752 1688 791 videtur
1718 753 1863 792 inesse
1876 760 1904 792 θ.

349 881 376 935 ὅ
410 883 451 927 2.
511 886 595 924 Ars
651 887 822 935 poetica
868 887 981 936 apud
1036 887 1225 927 Graecos
1273 887 1518 926 cuiusmodi
1565 887 1816 926 rudimenta
1862 887 2064 926 habuerit

229 952 467 991 nescimus.
501 951 612 992 Vero
639 956 708 992 est
735 954 880 993 simile
907 956 1050 994 metra
1075 954 1296 1003 simplicia
1321 954 1492 1003 pridem
1511 964 1607 993 esse
1626 957 1851 1004 usurpata,
1870 956 2066 994 carmina

229 1019 455 1068 popularia
496 1019 658 1059 talibus
699 1021 790 1060 fere
821 1022 1019 1061 numeris
1051 1022 1264 1061 adstricta
1296 1022 1434 1061 fuisse
1467 1022 1620 1069 quales
1651 1022 1828 1061 fuerunt
1857 1032 2066 1061 versuum

230 1087 533 1127 Saturniorum
576 1088 619 1126 in
662 1088 813 1137 lingua
853 1090 1031 1137 Latina;
1067 1090 1141 1129 sed
1174 1090 1469 1128 demonstrari
1502 1090 1543 1128 id
1575 1090 1741 1138 nequit,
1772 1090 1979 1137 quoniam
2012 1100 2066 1129 ex

230 1156 338 1194 art-is
383 1155 460 1195 illa
505 1156 691 1195 infantia
732 1157 841 1196 nihil
882 1160 1075 1197 aetatem
1116 1157 1231 1196 tulit.
1264 1157 1393 1196 Ultra
1426 1157 1607 1196 Homeri
1640 1157 1837 1196 carmina
1867 1156 2068 1196 recedere

229 1233 314 1261 non
357 1223 446 1262 iam
479 1223 594 1270 licet,
630 1223 738 1263 haec
772 1226 921 1264 autem
955 1235 979 1263 a
1012 1234 1196 1274 poeseos
1228 1224 1507 1263 incunabulis
1539 1224 1668 1273 longo
1696 1224 1910 1272 temporis
1940 1224 2068 1263 inter·

230 1289 345 1328 vallo
387 1290 550 1330 distare
593 1300 692 1330 cum
735 1291 822 1330 alia
853 1293 1078 1331 testantur
1109 1294 1204 1330 tum
1238 1301 1524 1330 numerorum
1556 1293 1677 1330 tersa
1708 1294 1751 1330 et
1781 1291 2065 1331 multiformis

225 1357 458 1406 elegantia.

346 1424 478 1464 Misso
524 1425 658 1474 igitur
699 1427 1012 1466 vetustissimo
1053 1426 1128 1466 illo
1160 1437 1282 1475 aevo,
1318 1428 1443 1466 cuius
1475 1426 1597 1466 nulla
1627 1427 1680 1465 ad
1712 1437 1792 1466 nos
1824 1429 2065 1476 propagata

228 1493 295 1530 est
328 1493 555 1542 memoria,
585 1493 680 1541 ipsa
709 1495 906 1533 carmina
932 1495 1054 1543 epica
1071 1494 1414 1534 consideremus.
1434 1494 1688 1544 Composita
1704 1497 1847 1533 sunte
1865 1494 2065 1534 versibus

227 1559 300 1607 qui
333 1560 454 1598 senis
485 1560 645 1599 ictibus
677 1564 782 1601 sunt
813 1562 1013 1601 distincti
1046 1564 1089 1601 et
1119 1563 1350 1601 hexametri
1381 1564 1477 1602 ideo
1509 1563 1654 1603 solent
1685 1563 1846 1601 vocari.

346 1626 440 1666 Non
472 1629 671 1667 omnium
703 1630 870 1668 ictuum
904 1630 1058 1669 eadem
1086 1630 1170 1669 fuit
1192 1631 1273 1672 vis.
1301 1631 1489 1680 PrimuS,
1508 1631 1677 1677 tertius,
1697 1632 1891 1679 quartus,
1910 1632 2065 1669 sextus

226 1694 393 1733 maiore
428 1695 547 1734 vocis
579 1697 784 1736 acumine
818 1698 922 1736 sunt
952 1697 1132 1736 indicati
1163 1708 1294 1745 quam
1328 1698 1548 1737 secundus
1582 1701 1625 1738 et
1649 1698 1844 1747 quintus.
1874 1696 2064 1746 Quartus

225 1771 251 1799 a
283 1762 413 1801 tertio
445 1772 530 1802 non
564 1764 709 1802 solum
743 1765 858 1804 thesi
891 1765 1125 1804 interiecta
1153 1768 1220 1805 est
1241 1768 1489 1815 separatus,
1522 1767 1599 1805 sed
1625 1768 1667 1805 et
1694 1775 1869 1804 caesura
1887 1775 2063 1804 versum

228 1829 454 1868 heroicum
488 1831 531 1869 in
566 1831 674 1870 duas
707 1833 856 1881 partes
889 1832 1128 1871 dirimenti.

346 1965 516 2013 Singuli
559 1967 704 2014 pedes,
739 1977 794 2005 ex
826 1967 984 2015 quibus
1021 1977 1176 2006 versus
1206 1968 1408 2007 heroicus
1445 1970 1633 2018 constat,
1668 1968 1732 2007 ita
1764 1970 1869 2007 sunt
1900 1967 2063 2007 confor-

227 2032 339 2070 mati
371 2034 420 2071 ut
450 2033 667 2080 syllabam
702 2035 792 2073 ictu
824 2035 1044 2083 insignem
1079 2037 1154 2074 aut
1181 2045 1268 2074 una
1296 2036 1427 2084 longa
1455 2037 1647 2085 excipiat
1675 2038 1751 2075 aut
1768 2036 1878 2075 duae
1896 2035 2066 2084 breves,

227 2099 458 2147 spondeum
500 2103 576 2139 aut
617 2101 830 2150 dactylum
873 2103 1144 2143 coniunctim
1178 2101 1463 2143 efficientesf.
1496 2104 1661 2143 Breves
1694 2106 1845 2143 autem
1871 2103 2065 2152 syllabas

228 2176 362 2205 unam
405 2177 578 2207 moram
619 2169 816 2218 implere,
850 2169 1005 2217 longas
1037 2171 1223 2209 duarum
1256 2181 1353 2210 esse
1386 2181 1627 2218 morarum,
1661 2182 1683 2210 e
1715 2173 1901 2220 quatuor
1933 2171 2066 2219 igitur

229 2235 367 2273 moris
409 2238 611 2275 constare
654 2237 854 2285 singulos
894 2238 1097 2286 dactylos
1130 2240 1174 2277 et
1206 2239 1436 2287 spondeos,
1470 2239 1652 2287 vulgata
1683 2242 1750 2278 est
1781 2238 2063 2277 metricorum

227 2301 439 2342 doctrina.
487 2304 582 2343 Non
630 2304 682 2343 ab
730 2306 850 2344 omni
897 2308 1046 2345 tamen
1094 2307 1218 2354 parte
1258 2306 1368 2345 haec
1410 2309 1514 2347 sunt
1545 2317 1672 2354 vera;
1706 2315 1809 2345 nam
1842 2305 1998 2344 vocula
2028 2319 2066 2343 τε

228 2369 358 2408 citius
405 2371 621 2419 profertur
673 2382 804 2419 quam
855 2373 998 2421 prima
1049 2372 1223 2421 syllaba
1265 2374 1458 2412 nominis
1502 2372 1751 2422 Ἀφροδίτκσ,
1790 2373 1893 2412 licet
1925 2373 2066 2412 brevis

229 2436 443 2476 habeatur
484 2441 694 2487 utraque;
729 2441 875 2479 maius
908 2441 1121 2490 temporis
1154 2442 1348 2490 spatium
1383 2441 1467 2480 sibi
1500 2442 1639 2491 poscit
1681 2440 1852 2489 syllaba
1883 2440 2069 2479 initialis

226 2504 497 2544 substantivi
530 2507 675 2554 πρῆξισ
703 2507 772 2546 vel
806 2509 1101 2557 comparativi
1127 2511 1295 2547 λῶιστοσ
1322 2509 1391 2548 vel
1418 2508 1629 2548 infinitivi
1659 2512 1901 2559 χραισμῆσαι
1933 2517 2063 2555 quam

315 2654 335 2673 a
359 2645 420 2674 Ex.
445 2653 511 2682 gn:
539 2646 638 2683 χόλοσ
665 2646 696 2674 δὲ
721 2658 773 2682 μιν
797 2646 908 2686 ἄγριοσ
932 2647 1011 2687 ἄγρη
1036 2647 1119 2676 Fick
1144 2647 1297 2685 Odyssee
1323 2648 1364 2678 20
1388 2648 1428 2678 11.
1454 2648 1536 2684 372;
1564 2648 1647 2683 „das
1672 2649 1739 2678 alte
1760 2649 1851 2687 Epos
1871 2646 2064 2685 gebraucht

231 2706 315 2732 „nur
351 2702 451 2735 πᾶμα,
487 2703 672 2732 πᾶσισ...,
709 2697 771 2728 wie
811 2699 918 2729 durch
944 2699 999 2729 die
1036 2701 1188 2730 anreime
1212 2701 1247 2730 in
1272 2704 1404 2739 πάματα
1429 2703 1540 2735 πολλὰ,
1564 2704 1694 2737 nothata
1718 2703 1820 2730 πάντα
1841 2700 1911 2730 und
1934 2702 2064 2736 πάματα

232 2755 348 2785 „naon
383 2751 503 2780 ὄπασσε
538 2750 704 2789 ὒθεῖἑὶῐίἕῐ
741 2749 846 2781 wird'⁷
882 2752 923 2782 11.
958 2753 1039 2788 387;
1076 2753 1158 2789 „der
1192 2755 1276 2783 reim
1301 2752 1480 2784 erscheint
1503 2753 1560 2783 bei
1584 2754 1713 2784 Homer
1739 2755 1768 2783 1.
1791 2753 1959 2783 zwischen
1984 2751 2060 2781 dem

231 2805 367 2838 „ersten
390 2803 460 2833 und
486 2803 563 2834 dem
588 2804 720 2833 visrten
748 2804 858 2833 fusse:
885 2807 998 2844 φράζεο
1027 2806 1158 2835 Τυδεῖὸα
1182 2807 1233 2835 καὶ
1254 2809 1358 2844 χάζεο,
1383 2807 1412 2836 2.
1437 2806 1606 2836 zwischen
1630 2806 1708 2836 dem
1736 2804 1866 2836 dritten
1891 2805 1961 2835 und
1983 2806 2059 2835 dem

232 2855 432 2890 „sechstem
478 2866 587 2886 ronne
612 2861 664 2886 νῦν
689 2869 752 2893 μοι,
776 2860 901 2886 Μοῖσαι
917 2858 1069 2894 Ὀλυμπια
1093 2859 1206 2895 δώματ’
1235 2860 1302 2897 ἔχοι
1307 2870 1358 2889 σαι
1383 2857 1569 2899 (hilufigflte
1594 2859 1710 2898 form),
1736 2860 1766 2888 3.
1789 2858 1960 2888 zwischen
1985 2858 2061 2889 dem

233 2908 396 2943 „zweiten
432 2909 502 2938 und
539 2910 670 2939 Vierten
706 2910 800 2939 fusse
840 2911 899 2940 wie
935 2923 943 2940 ι
976 2912 1042 2940 450
1066 2913 1172 2952 μάκοα
1203 2915 1324 2951 diffinere,
1354 2917 1476 2952 πρᾶτοσ
1504 2913 1537 2941 δ’
1561 2913 1651 2951 ῥόαισ
1681 2913 1829 2948 ποιάμων
1858 2912 2007 2941 ἀπικάννε
2011 2909 2064 2940 io„

231 2959 271 2990 11.
310 2962 364 2994 83,
400 2962 464 2991 534
500 2971 563 2999 sq.‚
596 2962 731 2992 Bekker
762 2963 863 2992 Hom.
886 2963 1020 2992 Blatter
1046 2965 1108 2993 185
1132 2972 1209 3001 sqq.
1345 2963 1361 2993 b
1384 2967 1412 2993 Β
1438 2965 1514 2994 484.
1648 2973 1664 2994 c
1688 2976 1707 2993 α
1732 2965 1785 2994 40.
1918 2962 1942 2993 d
1962 2976 1983 3001 μ
2010 2965 2062 2994 70.

374 3023 390 3042 e
425 3014 535 3044 Lehrs
570 3015 625 3044 Air
631 3012 689 3045 st.²
727 3017 789 3045 454
825 3024 901 3053 sqq.
1037 3016 1060 3053 f
1078 3017 1126 3046 Ne
1158 3026 1245 3047 nova
1276 3017 1449 3048 moliendo
1479 3027 1550 3047 rem
1576 3017 1801 3047 obscuremus
1824 3017 1935 3054 magis
1959 3025 2062 3054 quam

230 3066 459 3102 illustremus,
495 3076 553 3096 eos
590 3076 726 3105 quoque
763 3077 926 3098 versuum
962 3069 1178 3100 heroicorum
1209 3070 1327 3108 pedes,
1361 3069 1420 3108 qui
1453 3079 1470 3100 e
1494 3068 1607 3100 tribus
1631 3069 1795 3100 brevibus
1817 3067 1961 3107 syllabis
1985 3077 2064 3099 con-

230 3121 325 3148 stant
353 3116 463 3159 (ᾼΝ),
487 3127 565 3157 pag.
591 3120 674 3149 43α,
701 3120 900 3150 vocabimus
925 3121 1092 3158 dactylos,
1119 3130 1248 3152 morem
1274 3122 1414 3152 solitum
1440 3123 1561 3152 secuti.
