2234 3443
247 176 327 214 106
999 187 1052 215 DE
1086 187 1302 215 corzsoms.
1825 177 1862 222 [ἓ
1896 177 1963 222 29,
1999 175 2055 214 30

1009 424 1212 464 CAPUT
1242 425 1291 464 Π.

886 560 986 609 DE
1038 560 1409 611 CONSONIS.

773 843 812 880 Ι.
857 843 928 881 De
967 844 1203 882 consonis
1240 843 1527 882 mobilibus.

865 967 914 1006 A.
960 966 1017 1004 In
1061 977 1256 1006 vocum
1300 966 1431 1005 fine.

359 1077 384 1129 ἓ
417 1079 488 1122 29.
529 1081 753 1121 Consonae
785 1092 896 1130 quae
928 1082 1112 1122 mobiles
1144 1083 1288 1121 solent
1320 1084 1466 1122 vocari
1498 1084 1540 1121 in
1576 1093 1730 1122 vocum
1762 1083 1886 1121 exitu
1917 1082 2058 1131 prouti

238 1149 428 1187 metrum
460 1149 627 1188 ferebat
660 1160 685 1189 a
709 1152 852 1199 poetis
879 1151 1013 1199 epicis
1040 1152 1142 1189 sunt
1171 1151 1344 1189 additae
1373 1153 1450 1189 aut
1476 1151 1681 1198 omissae,
1710 1150 1840 1189 modo
1870 1159 2061 1189 consona

236 1218 461 1264 sequente,
509 1217 638 1256 modo
683 1217 836 1257 vocali.
886 1218 993 1257 Cum
1043 1220 1144 1256 ante
1196 1218 1392 1257 vocalem
1440 1217 1772 1266 omittebantur,
1821 1216 2063 1257 elidebatur

237 1283 384 1321 brevis
415 1293 550 1322 sonus
581 1283 755 1324 finalis«
789 1288 833 1324 et
864 1285 1059 1324 adverbii
1091 1284 1193 1323 οὕτω
1226 1294 1360 1324 sonus
1391 1300 1441 1323 -ω
1479 1284 1790 1333 corripiebatur
1804 1282 1833 1324 b.

356 1415 383 1468 ἓ
414 1417 486 1460 30.
536 1419 677 1458 Sonus
723 1435 765 1456 -v
811 1429 897 1458 non
944 1430 1094 1459 eorum
1136 1422 1312 1458 tantum
1354 1420 1661 1468 terminorum,
1710 1420 1784 1467 qui
1815 1429 1837 1457 e
1873 1418 2058 1458 dialecto

240 1486 390 1524 Attica
432 1489 535 1525 sunt
574 1487 750 1536 cogniti,
793 1487 836 1526 in
878 1487 1066 1526 dictione
1104 1488 1226 1536 epica
1266 1486 1442 1525 mobilis
1485 1489 1592 1534 erat,
1635 1487 1711 1526 sed
1744 1487 1878 1526 etiam
1911 1486 2060 1525 adver-

237 1552 410 1592 biorum
444 1554 488 1592 in
520 1557 616 1592 -θεν
648 1555 945 1594 desinentium
959 1562 986 1603 0,
1027 1555 1174 1594 suffixi
1205 1570 1296 1604 -φιν
1312 1552 1344 1604 d,
1380 1555 1574 1594 adverbii
1606 1560 1684 1593 νῦν
1715 1555 1809 1594 sive
1843 1558 1892 1593 νῦ
1905 1562 1934 1603 2,
1968 1565 2058 1603 par-

235 1620 394 1659 ticulae
426 1635 494 1658 κεν
507 1619 538 1660 f.

355 1688 580 1727 Instabilis
622 1690 752 1728 huius
796 1690 904 1738 soni,
946 1691 1019 1738 qui
1051 1690 1213 1738 linguis
1245 1691 1419 1729 Atticae
1453 1692 1497 1729 et
1527 1691 1700 1729 Ionicae
1732 1689 1816 1729 fuit
1846 1690 2060 1742 proprius,

236 1755 402 1793 sensim
432 1757 571 1794 crevit
596 1757 840 1796 dominium
867 1759 910 1796 et
936 1767 1011 1806 per
1037 1757 1146 1796 alias
1169 1758 1370 1805 regiones
1386 1760 1454 1796 est
1471 1760 1707 1796 extensum
1718 1765 1753 1805 9,
1772 1757 1816 1796 in
1835 1757 2059 1805 epicorum

237 1824 385 1860 autem
433 1826 660 1871 poetarum
708 1827 801 1863 arte
847 1824 1046 1863 modicus
1093 1824 1176 1863 fuit
1219 1825 1313 1863 eius
1355 1835 1475 1872 usus,
1518 1825 1728 1873 quoniam
1776 1825 1910 1863 etiam
1959 1826 2062 1862 ante

238 1890 412 1929 vocales
439 1894 612 1939 poterat
639 1893 796 1931 omitti.
828 1891 1095 1940 Quapropter
1123 1892 1297 1940 signum
1329 1907 1371 1928 -v
1394 1893 1437 1930 in
1458 1893 1727 1932 carminibus
1744 1893 1877 1942 epicis
1894 1902 1979 1931 non
1998 1894 2065 1930 est

236 1957 515 1996 scribendum
545 1959 631 1997 nisi
658 1960 713 1998 iis
740 1959 847 1998 locis
875 1959 948 1997 ubi
974 1960 1274 1998 necessarium
1304 1961 1373 1998 est
1398 1960 1450 1998 ad
1478 1959 1825 1999 confirmandum
1851 1961 2060 2008 metrum,

236 2025 382 2071 itaque
426 2025 477 2064 ab
521 2027 776 2066 Aristarcho
820 2026 1108 2065 omittebatur
1148 2029 1192 2065 in
1231 2025 1315 2065 fine
1348 2027 1619 2075 syllabarum
1652 2027 1721 2066 vel
1754 2027 1817 2065 sic
1847 2027 2061 2076 positione

234 2091 467 2139 longarum
481 2090 512 2141 72,
557 2104 625 2132 ex.
668 2105 752 2142 gr.:
792 2104 864 2143 σφι
896 2093 1105 2143 Κρονίδκσ
1118 2092 1142 2144 i,
1172 2089 1266 2144 ἦρχε
1300 2093 1539 2144 Πρόθοοσλ,
1571 2094 1608 2131 τί
1635 2108 1676 2132 κε
1710 2092 1861 2144 ῥέξαιμι
1880 2091 1910 2131 k.
1945 2092 2060 2142 Quae

238 2168 340 2197 vero
387 2160 430 2197 in
477 2161 656 2200 scholiis
705 2163 1079 2200 commemoratur
1119 2159 1274 2211 ,,χωρὶσ
1314 2166 1384 2200 τοῦ
1426 2162 1478 2199 -ν”
1521 2162 1686 2211 scripta
1728 2171 1815 2200 vox
1856 2160 2062 2209 οὐρανόθε

235 2224 503 2276 προύφαινεῖ,
532 2238 618 2266 non
652 2231 718 2267 est
751 2229 984 2277 probanda,
1019 2229 1225 2276 quoniam
1259 2239 1477 2277 nusquam
1511 2231 1691 2278 apparet
1724 2229 1767 2266 in
1798 2229 2063 2268 substantivis

237 2303 406 2340 quoque
438 2295 657 2334 incertum
691 2296 830 2335 fuisse
861 2296 990 2335 huius
1023 2296 1170 2335 suffixi
1202 2307 1358 2335 sonum
1391 2312 1434 2332 -ν
1448 2304 1490 2334 m.

357 2362 406 2399 In
450 2373 656 2401 versuum
704 2363 789 2402 fine
835 2364 1145 2412 paragogicum
1191 2379 1234 2400 -ν
1281 2363 1468 2402 addendi
1514 2365 1632 2402 iusta
1678 2373 1810 2402 causa
1851 2373 1936 2402 non
1979 2365 2060 2402 est.

239 2428 384 2475 Neque
417 2429 653 2477 probabilis
686 2435 754 2469 est
787 2441 836 2469 ea
868 2440 980 2478 quae
1011 2431 1053 2468 in
1088 2430 1308 2470 codicibus
1340 2431 1507 2470 obtinet
1538 2431 1662 2479 ratio,
1696 2434 1745 2470 ut
1775 2446 1816 2468 -v
1849 2431 2063 2470 scribatur

241 2498 342 2533 ante
389 2506 544 2535 versus
588 2507 612 2535 a
654 2499 783 2536 vocali
821 2498 1095 2547 incipienteS,
1131 2501 1232 2537 ante
1266 2500 1435 2537 ceteros
1468 2499 1722 2546 omittatur;
1756 2508 1859 2537 nam
1893 2499 2062 2537 hiatum

238 2562 354 2600 inter
386 2573 592 2601 versuum
627 2564 821 2611 syllabas
853 2563 1007 2603 finales
1041 2568 1084 2603 et
1115 2565 1393 2613 sequentium
1426 2565 1618 2604 initiales
1644 2575 1669 2604 a
1694 2567 1823 2614 poeta
1850 2575 1936 2604 non
1964 2574 2060 2603 esse

239 2629 427 2668 vitatum
460 2632 683 2670 sexcentis
716 2632 821 2670 locis
852 2632 1001 2680 liquet.

326 2782 344 2799 α
370 2770 388 2808 ξ
416 2772 466 2800 13.
600 2769 616 2799 b
643 2773 672 2799 Γ
695 2771 756 2799 169
782 2783 798 2806 γ
825 2771 887 2800 315
913 2783 928 2800 ο
956 2772 1006 2800 12.
1152 2781 1168 2801 c
1194 2771 1210 2808 ᾖ
1237 2771 1289 2800 47.
1447 2769 1470 2800 d
1491 2771 1509 2808 ξ
1535 2772 1588 2801 46.
1734 2779 1750 2800 e
1774 2770 1981 2800 Eucliticum
2007 2771 2058 2798 est

240 2835 282 2851 vu.
311 2826 344 2852 Ψ
365 2824 429 2853 485
455 2826 508 2852 est
532 2825 595 2857 νῦν,
619 2823 791 2853 hortantis
816 2831 895 2857 vox;
927 2825 956 2852 l(
980 2824 1041 2852 105
1068 2832 1148 2853 vero
1174 2824 1282 2854 errori
1307 2824 1425 2853 eadem
1448 2823 1605 2853 debetur.
1890 2821 1921 2862 s
1940 2821 1958 2858 ξ
1983 2823 2057 2851 3⁴26.

368 2886 389 2914 9
415 2876 441 2904 A
471 2876 618 2905 dialecto
643 2875 782 2905 Aeolica
807 2876 939 2904 alienus
964 2874 1041 2909 fuit,
1065 2876 1205 2905 Meister
1230 2875 1317 2905 Dial.
1350 2876 1365 2906 Ι
1393 2878 1473 2910 125;
1502 2885 1613 2914 neque
1644 2876 1678 2905 in
1702 2873 1838 2905 Doricis
1863 2872 2060 2912 inscriptio-

240 2927 340 2956 nibus
364 2929 610 2958 vetustioribus
632 2932 684 2958 est
707 2929 877 2957 inventu&
898 2928 1051 2957 Tabulae
1076 2929 1327 2961 Heracleenses
1351 2930 1430 2959 Dor.
1457 2930 1542 2958 4629
1559 2928 1767 2967 paragogico
1791 2939 1822 2955 -ν
1848 2935 1914 2956 non
1935 2927 2000 2955 nisi
2024 2927 2057 2955 in

240 2980 356 3008 dativo
384 2982 518 3009 numeri
544 2981 689 3019 pluralis
713 2983 868 3015 utuntur,
894 2980 1038 3018 Boisacq
1065 2981 1229 3011 dialectes
1254 2982 1399 3011 Doriens
1425 2983 1477 3016 88,
1507 2982 1602 3011 1891.
1829 2978 1849 3009 Ιι
1873 2979 1922 3009 La
1946 2979 2059 3009 Boche

180 3042 183 3045 ·
240 3033 430 3062 Textkritik
454 3034 528 3068 392,
550 3033 714 3063 Ludwich
727 3031 867 3062 Arist.1.
1019 3033 1030 3062 23
1056 3038 1072 3063 Ι
1095 3035 1169 3063 236.
1308 3034 1329 3071 j
1358 3037 1382 3063 B
1409 3035 1484 3063 756.
1631 3032 1650 3062 lc
1677 3035 1706 3061 T
1726 3033 1778 3062 90.
1914 3031 1927 3060 l
1949 3044 1958 3060 ι
1984 3033 2058 3061 145.

373 3095 398 3113 m
428 3085 520 3121 Quae
553 3094 607 3115 res
639 3088 772 3115 veteres
804 3085 1050 3122 grammaticos
1083 3094 1149 3115 nou
1185 3087 1283 3123 fugit,
1307 3086 1417 3124 Apoll.
1443 3085 1526 3115 Adv.
1554 3086 1633 3120 190;
1664 3086 1873 3122 quapropter
1895 3084 2058 3114 Ludwich

242 3139 440 3175 suspicatus
466 3142 519 3166 est
542 3137 781 3167 Aristarchum
807 3146 873 3167 non
897 3139 1051 3177 οὐραινόθε
1075 3138 1134 3167 sed
1159 3143 1210 3167 -θι
1235 3139 1428 3176 scripsisse.
