2234 3443
153 147 177 193 ἓ
209 145 279 193 97,
311 143 383 188 98]
856 151 911 180 ns
941 149 1278 179 Pnonofflmsus.
1886 137 1971 175 213

154 271 222 309 est
266 269 381 307 inter
425 278 476 306 ea
521 266 883 312 demonstrativa,
931 274 1042 313 quae
1076 264 1269 312 primam
1309 272 1540 310 personam
1583 263 1796 310 spectant,
1839 263 1883 300 et
1923 271 1974 300 ea

152 346 263 385 quae
293 335 534 383 secundam,
569 344 636 373 ex.
670 326 756 381 gr.':
791 331 825 370 εἰ
854 329 938 369 τάδ’
977 329 1018 368 ἐν
1050 330 1208 369 τούτοισ
1238 327 1275 369 si
1301 331 1466 368 nostrae
1496 338 1561 368 res
1590 329 1648 367 ita
1682 328 1830 367 habent
1859 332 1904 368 uc
1930 332 1973 368 tu

152 404 298 444 dicisa.
328 403 455 442 Haud
486 412 585 441 raro
617 403 767 440 tamen
798 400 843 438 in
876 397 1110 438 artificiosa
1140 397 1216 436 illa
1246 396 1495 445 tragoediae
1521 396 1708 435 dictione
1725 395 1974 444 neglectum

155 473 236 519 est,
266 481 335 510 ex.
368 480 431 518 gr.
463 470 508 508 in
540 468 609 507 his
640 467 841 507 versibus
873 465 1116 514 Euripidis:

452 534 566 586 ὅρᾶισ
596 534 665 574 τὸν
696 534 809 583 ὑψοῦ
841 530 950 572 τόνδ’
983 531 1149 582 ἄπειρον
1181 529 1328 581 αἰθέρα

448 601 514 640 καὶ
545 609 620 654 γῆν
651 600 762 652 πέριξ
793 597 925 652 ἔχονθ’
961 599 1107 650 ὑγραῖσ
1138 597 1180 637 ἐν
1211 597 1434 649 ἀγκάλαισ;

448 672 599 712 τοῦτον
631 670 764 719 νόμιζε
796 672 922 720 Ζῆνα,
952 665 1066 709 τόνδ’
1096 665 1198 718 ἡγοῦ
1230 666 1330 705 θεόν
1344 665 1374 717 b,

152 741 263 779 hunc
291 749 512 779 summum
542 739 684 777 habeto
715 739 873 786 divum,
906 737 1017 776 hunc
1042 735 1248 784 perhibeto
1278 735 1415 774 Iovem
1427 742 1455 773 ε.

273 875 310 913 Α
351 874 607 922 pronomine
648 871 802 911 ἐκεῖνοσ
841 871 1086 920 prothetica
1128 870 1290 908 vocalis
1333 867 1367 907 ἒ-
1409 870 1450 908 in
1484 869 1634 918 lingua
1670 870 1792 918 epica
1822 868 1976 920 afuitd,

152 942 261 981 item
308 941 360 980 ab
407 940 625 980 adverbiis
674 943 791 989 κεῖσε,
836 941 957 987 κεῖθι,
1001 941 1152 976 κεῖθεν.
1200 937 1481 985 Antiquiores
1528 939 1676 976 autem
1717 938 1854 977 fuisse
1899 940 1980 978 has

152 1009 333 1057 formas,
366 1017 475 1056 quae
501 1008 544 1046 in
572 1007 758 1047 dialecto
785 1007 932 1045 Ionica
958 1007 1337 1054 permanserunte‚
1367 1015 1465 1044 cum
1493 1005 1585 1053 ipse
1603 1005 1822 1044 Homerus
1839 1006 1976 1055 docet,

154 1079 249 1116 tum
281 1080 409 1125 κῆνοσ
444 1077 488 1114 et
517 1080 641 1125 τῆνοσ
672 1074 852 1114 Aeolica
884 1075 926 1113 et
958 1072 1115 1112 Dorica
1145 1072 1327 1111 formae.

273 1143 321 1182 In
349 1142 583 1181 nonnullos
608 1145 759 1181 tamen
788 1142 1034 1180 carminum
1062 1140 1282 1188 epicorum
1301 1149 1457 1178 versus
1475 1142 1701 1188 corruptos
1719 1143 1792 1179 aut
1810 1141 1981 1189 spurios

154 1211 329 1259 irrepsit
359 1210 558 1249 Atticum
592 1208 746 1248 ἐκεῖνοσ
760 1206 792 1250 f.

275 1341 304 1398 ἓ
334 1343 407 1386 98.
455 1345 717 1384 Pronomine
764 1342 886 1382 αὐτόσ
927 1344 1012 1392 ipse
1054 1353 1123 1382 res
1165 1342 1234 1381 vel
1267 1342 1432 1381 animal
1466 1343 1517 1381 ab
1550 1342 1649 1381 aliis
1679 1343 1980 1384 secernebatur.

160 1413 294 1461 Saepe
339 1413 474 1461 igitur
514 1413 720 1461 negativa
760 1412 905 1461 potius
936 1421 1066 1458 quam
1100 1411 1291 1459 positiva
1322 1410 1404 1448 fuit
1438 1413 1531 1449 eius
1562 1411 1645 1459 vis,
1680 1421 1779 1449 cum
1805 1422 1889 1471 nor}
1920 1413 1980 1450 in-

157 1481 306 1520 stinctu
345 1481 492 1528 alieno,
531 1480 645 1518 nullo
685 1479 766 1518 alio
802 1480 1017 1527 praesente
1058 1477 1128 1516 vel
1167 1477 1390 1515 adiuvante
1421 1476 1516 1515 fieri
1548 1476 1710 1524 aliquid
1742 1477 1980 1519 dicebatur.

160 1547 412 1588 Cuiusmodi
452 1547 560 1586 locis
601 1545 723 1584 αὐτόσ
756 1547 797 1585 id
829 1546 947 1585 valet
978 1545 1089 1593 quod
1121 1545 1242 1593 ultro,
1277 1547 1428 1593 sponte,
1461 1554 1536 1583 suo
1567 1544 1789 1593 arbitratu,
1822 1546 1980 1586 eolusff.

275 1614 420 1653 Etiam
452 1615 505 1653 ad
537 1624 589 1653 ea
618 1624 728 1662 quae
759 1615 848 1652 iam
880 1614 1205 1652 commemorata
1236 1614 1340 1650 sunt
1370 1613 1504 1650 denuo
1533 1612 1801 1659 designanda
1833 1623 1981 1661 prono-

158 1692 261 1722 men
301 1680 425 1719 αὖτόσ
455 1691 584 1730 saepe
617 1684 685 1720 est
711 1683 972 1730 usurpatum
1002 1691 1026 1718 a
1052 1680 1195 1728 poetis
1221 1680 1367 1728 epicis,
1398 1681 1444 1718 ut
1466 1689 1491 1718 a
1513 1680 1712 1728 posteris,
1732 1690 1826 1718 eum
1843 1681 1983 1729 ipsum

158 1749 252 1788 sive
297 1751 473 1788 eundem
516 1750 650 1798 igitur
698 1749 868 1787 valens:
918 1747 1040 1786 αὐτὸσ
1081 1746 1184 1796 ἀνήρ
1225 1747 1336 1785 idem
1377 1748 1453 1795 vir,
1497 1746 1598 1785 αὐτὰ
1638 1745 1826 1793 κέλευθα,
1856 1749 1983 1787 αὐτὴν

157 1813 268 1865 ὁδόν,
296 1815 414 1854 αὐεῆι
443 1817 570 1863 νυκτί,
594 1816 648 1855 al.
665 1820 696 1855 Ιι.
726 1816 959 1865 Emphasis
989 1817 1138 1854 autem
1166 1825 1265 1854 cum
1293 1814 1536 1862 augebatur
1562 1815 1708 1853 addito
1725 1817 1983 1863 pronomine

160 1884 506 1923 demonstrativo
547 1882 581 1933 3,
613 1884 811 1932 proxime
844 1883 1067 1922 distabant
1101 1883 1207 1921 talia
1239 1892 1264 1920 a
1296 1882 1553 1921 recentioris
1584 1883 1742 1921 aetatis
1774 1884 1984 1923 dictione:

160 1952 233 1988 τὴν
275 1949 402 1989 αὐτὴν
445 1948 555 1999 ὁδόν,
592 1951 747 2000 τοκήων
779 1956 856 1988 τῶν
890 1950 1036 1998 αὐτῶν,
1071 1949 1190 1997 {tuan
1222 1955 1290 1986 τῶι
1322 1948 1460 1999 αὐτῶι,
1490 1955 1563 1987 τὶἷσ
1595 1948 1723 1987 αὐτῖισ
1756 1948 1946 2001 ἄγγελίκσ
1960 1950 1985 1991 2'.

280 2018 547 2057 Adverbium
589 2017 721 2056 αὐτῶσ
766 2019 1027 2066 usurpatum
1070 2020 1138 2056 est
1169 2017 1212 2055 in
1244 2017 1464 2055 locutione
1495 2010 1551 2054 ὧσ
1584 2013 1622 2054 δ’
1659 2015 1792 2055 αὐτῶσ
1823 2028 1866 2056 eo
1896 2019 1984 2067 ipso

159 2088 299 2124 autem
344 2085 466 2124 modo
506 2086 600 2124 sive
641 2085 780 2124 eodem
820 2087 960 2123 autem
1000 2081 1159 2122 modoj.
1192 2083 1245 2121 Et
1277 2085 1449 2122 mutato
1482 2086 1664 2122 accentu
1703 2106 1756 2111 —
1800 2085 1838 2123 si
1869 2087 1986 2124 recte

161 2152 225 2192 sic
255 2152 465 2191 traditum
500 2174 552 2180 —
587 2150 719 2191 αὔτωσ
751 2150 1025 2200 significabat
1055 2149 1116 2190 sic
1147 2153 1305 2199 temere,
1335 2151 1502 2198 frustra
1514 2148 1546 2189 k.

280 2219 328 2258 Id
354 2220 466 2267 quod
491 2230 606 2259 unus
630 2221 819 2268 idemque
845 2221 888 2258 in
915 2219 1104 2258 dictione
1131 2219 1252 2267 epica
1279 2228 1379 2267 non,
1407 2221 1455 2257 ut
1476 2220 1641 2268 postea,
1660 2218 1988 2267 significabatur

162 2296 269 2326 voce
311 2283 361 2331 (ὃ)
404 2286 541 2337 αὐτόσ,
571 2288 647 2327 sed
689 2288 906 2327 adiectivo
945 2284 1085 2336 ὁμόσῐ,
1119 2287 1231 2334 quod
1263 2296 1347 2325 non
1383 2287 1467 2324 nisi
1498 2286 1622 2325 rebus
1655 2287 1986 2335 adiungebatur.

251 2436 271 2456 a
295 2424 396 2464 Soph.
421 2426 498 2457 Ant.
525 2428 578 2457 39.
725 2427 740 2456 b
765 2427 846 2457 Eur.
870 2427 912 2457 fr.
935 2427 1011 2457 935.
1145 2437 1162 2457 c
1184 2428 1239 2457 Sic
1263 2425 1369 2456 vertit
1394 2425 1515 2456 Cicero
1538 2427 1579 2456 de
1603 2427 1679 2457 Nat.
1704 2427 1806 2456 Deor.
1831 2426 1866 2456 ΙΙ
1891 2426 1907 2463 ξ
1934 2426 1987 2456 65.

299 2477 323 2508 d
343 2483 392 2515 τῆι
426 2481 543 2509 ἑκεῖνοσ
579 2481 615 2509 οὐ
649 2485 763 2520 χρῆται
797 2481 812 2509 ὁ
841 2479 976 2518 ποιητὴσ
995 2481 1022 2509 εἰ
1044 2480 1086 2517 μὴ
1107 2481 1310 2517 ἁναγκασθῆι
1334 2480 1394 2509 ὑπὸ
1418 2484 1472 2509 τοῦ
1494 2480 1616 2520 μέτρου.
1642 2480 1742 2509 οὕτωσ
1766 2481 1987 2520 Ἀρίσταρχοσ,

163 2531 270 2561 schol.
293 2543 312 2560 α
337 2531 412 2561 177.
437 2532 580 2562 Mettica
604 2535 719 2562 autem
745 2532 915 2562 eiusmodi
935 2533 1127 2562 necessitas
1148 2541 1223 2562 esse
1237 2532 1333 2562 nulla
1346 2534 1492 2570 poterat.
1627 2541 1644 2561 e
1667 2532 1875 2569 Ex.gr.10n.
1901 2533 1988 2562 5632

163 2584 301 2622 saepius
320 2589 420 2613 κεῖνον
439 2585 474 2614 et
491 2587 600 2615 κείνου.
733 2584 756 2621 f
773 2585 941 2615 Mnemos.
957 2585 1054 2620 1887,
1070 2586 1110 2614 90
1124 2594 1175 2621 sq.
1188 2594 1195 2621 ;
1210 2587 1367 2615 correcta
1382 2585 1548 2614 facillima
1563 2587 1643 2614 sunt
1655 2586 1800 2615 κάκεῖνοσ
1814 2585 1849 2613 et
1860 2582 1987 2614 similia

165 2637 196 2665 Γ
222 2636 287 2666 402
327 2636 370 2666 al.
405 2636 440 2675 (ἓ
473 2633 519 2677 9),
554 2637 665 2667 ὁππότ’
706 2639 839 2672 ἐκείνων,
863 2624 962 2676 τειῖχέ
990 2640 1108 2672 ἐκεῖνοι,
1133 2640 1163 2666 ἄν
1184 2639 1311 2673 lulum,
1337 2638 1464 2668 Similia
1488 2641 1508 2667 Ι
1528 2638 1592 2667 646
1617 2640 1640 2667 Σ
1662 2639 1726 2667 188
1751 2649 1768 2674 γ
1795 2638 1857 2667 103
1882 2648 1897 2666 ο
1922 2637 1986 2666 368

163 2697 186 2718 n
212 2689 273 2718 151
304 2693 327 2718 ο
359 2690 400 2719 94
425 2692 449 2718 ξ
473 2689 537 2718 262
562 2701 578 2719 0
602 2690 666 2719 212
689 2693 710 2729 β
736 2690 800 2719 272
825 2688 841 2724 ξ
865 2690 928 2720 491
954 2693 975 2729 β
1000 2690 1062 2719 171
1089 2689 1103 2724 ε
1130 2691 1184 2726 70,
1210 2691 1272 2719 122
1300 2701 1318 2720 σ
1345 2691 1421 2726 239,
1445 2699 1509 2729 pro
1534 2690 1602 2730 ὄφρ’
1629 2689 1666 2719 ἂν
1691 2692 1790 2719 ἐκεῖθι
1814 2701 1831 2729 ρ
1856 2690 1896 2718 10
1920 2689 1987 2726 leg.

164 2741 247 2781 ὄφρα
274 2754 307 2771 κε
330 2745 413 2771 now:
437 2741 516 2771 coll.
538 2745 560 2781 β
585 2742 648 2771 124
672 2744 707 2771 et
725 2741 744 2780 ξ
770 2743 834 2772 326
861 2743 897 2777 C,
921 2743 1060 2773 molesti
1084 2743 1168 2780 quid
1187 2743 1317 2772 habent
1342 2745 1373 2773 Γ
1394 2744 1435 2772 63
1460 2742 1585 2781 (spur.)
1608 2744 1637 2771 A
1663 2743 1725 2772 653
1749 2745 1770 2781 β
1794 2742 1857 2771 183
1881 2753 1899 2778 γ
1925 2742 1988 2771 113

166 2794 184 2824 δ
209 2795 272 2825 819
296 2793 312 2828 ξ
338 2796 401 2825 163
425 2794 559 2833 (spru),
583 2795 646 2825 352
672 2806 688 2824 ο
712 2796 776 2825 330
801 2806 820 2825 σ
846 2796 907 2825 147
934 2807 948 2824 τ
973 2796 1036 2825 322
1060 2808 1083 2825 ω
1107 2797 1182 2830 288,
1209 2796 1286 2835 312,
1310 2796 1374 2826 437
1399 2796 1479 2826 Hes.
1506 2795 1592 2834 Clip.
1618 2795 1669 2824 72.
1801 2804 1823 2833 q
1846 2793 1934 2823 Item
1954 2794 1989 2823 in

165 2844 280 2876 Attica
302 2846 476 2876 locutione
498 2848 589 2877 αὐτοί
612 2849 703 2884 ἐσμεν
721 2849 777 2877 Ar.
801 2848 885 2878 Ach.
909 2848 974 2878 504
998 2848 1136 2878 Thesm.
1162 2848 1228 2878 472
1254 2849 1342 2878 etin
1365 2847 1549 2878 similibus.
1716 2845 1737 2875 Ιι
1760 2848 1787 2875 Ε
1808 2847 1872 2875 396
1896 2844 1928 2886 (ἓ
1954 2844 1988 2885 9)

166 2900 210 2927 Μ
227 2898 291 2928 225
319 2901 352 2928 Ψ
372 2899 437 2929 480
460 2902 485 2928 θ
510 2899 573 2929 107
599 2911 617 2928 κ
641 2900 704 2929 263
728 2909 752 2929 n
773 2901 836 2931 138
861 2912 884 2940 φ
913 2901 977 2930 366
1002 2901 1081 2930 Hes.
1107 2899 1194 2939 Clip.
1218 2901 1270 2936 35,
1307 2901 1361 2930 37.
1384 2900 1546 2930 Imitatus
1571 2902 1624 2930 est
1646 2899 1760 2938 Apoll,
1784 2899 1847 2929 Rh.
1870 2899 1888 2928 I
1913 2899 1987 2928 199.

299 2950 312 2980 i
336 2954 364 2980 Z
389 2951 452 2982 391
478 2963 495 2990 η
519 2952 573 2987 55,
596 2952 659 2981 326
684 2961 706 2981 n
731 2952 808 2982 334.
1067 2952 1089 2991 j
1113 2956 1144 2983 Γ
1159 2955 1223 2984 339
1249 2954 1305 2989 al.,
1329 2955 1367 2983 ut
1392 2955 1461 2983 Att.
1485 2954 1636 2982 ὡσαύτωσ
1659 2952 1817 2989 (accentu
1839 2951 1989 2988 mutato)

166 3011 245 3041 pag.
270 3002 374 3033 210k.
511 3003 531 3033 Ic
554 3005 589 3034 A
614 3005 689 3041 133,
713 3005 777 3035 520
803 3008 840 3034 H
865 3006 927 3035 100
951 3008 980 3034 Ρ
1002 3006 1065 3035 633
1090 3010 1114 3035 Σ
1137 3007 1214 3042 338,
1238 3007 1303 3037 584
1323 3006 1339 3040 ξ
1360 3007 1421 3036 151
1444 3005 1813 3042 al.;cuiusmodiloois
1826 3006 1990 3042 frequens

167 3057 221 3084 est
242 3055 306 3085 La.
329 3056 437 3085 οὕτωσ.
586 3055 599 3086 l
620 3059 647 3086 A
672 3057 736 3086 437
763 3057 822 3093 al.;
850 3061 880 3087 N
903 3059 979 3095 333,
999 3057 1058 3087 ubi
1083 3059 1117 3088 id
1142 3059 1235 3096 quod
1257 3059 1431 3088 communis
1456 3057 1575 3096 (ξῡνόσ,
1599 3059 1719 3094 postea
1743 3057 1865 3096 κοινόσ)
1889 3056 1992 3093 valet,

169 3107 395 3144 praeferenda
417 3108 553 3139 videtur
577 3109 597 3137 l.
623 3117 653 3139 a.
678 3109 822 3147 ὁμόσᾪ).
