2234 3443
152 163 175 208 ἓ
206 164 275 210 44,
311 165 382 208 45]
691 186 694 189 -
904 171 959 199 DE
991 169 1210 199 consonis,
1873 157 1954 195 153

152 286 187 324 εἰ
220 285 326 325 ἐτεόν
338 294 371 336 a,
408 297 511 326 nam
545 285 580 324 εἰ
603 287 719 325 arsin
751 296 848 324 raro
881 285 1049 324 obtinet
1079 286 1181 322 ante
1212 283 1408 322 vocalem
1422 278 1449 321 b.
1482 281 1675 329 Denique
1707 281 1789 319 fuit
1824 281 1895 327 qui
1923 280 1967 318 in

151 353 256 393 deae
300 354 489 402 Argivae
536 355 709 393 vetusto
748 345 929 392 nomine
975 352 1131 402 βοῶπισ
1176 350 1319 388 πότνια
1359 347 1467 399 Ἥρη
1514 350 1609 388 soni
1651 359 1691 385 σ-
1729 348 1967 395 vestigium

151 423 377 469 quaereret
391 428 420 460 0.

268 551 297 605 ὅ
327 552 399 598 45.
442 555 758 594 Nonnullarum
799 555 930 604 igitur
969 553 1173 601 stirpium
1215 551 1394 591 initialis
1435 561 1570 590 sonus
1607 561 1628 587 σ
1660 552 1761 588 ante
1792 548 1973 586 Homeri

151 624 340 662 aetatem
388 625 587 662 mortuus
631 623 781 662 tenuia
826 621 1041 670 quaedam
1087 620 1275 668 vestigia
1320 619 1364 658 in
1407 619 1500 657 eius
1546 618 1733 657 dictione
1774 615 1971 662 reliquit;

150 690 285 729 trium
327 692 473 729 autem
516 690 717 738 stirpium
760 690 903 738 sigma
932 688 1100 726 initiale
1131 687 1174 725 in
1207 686 1475 726 carminibus
1506 686 1639 734 epicis
1670 684 1799 723 modo
1832 692 1973 721 serva·

151 759 262 804 tum,
295 757 423 796 modo
456 756 673 796 abiectum
709 759 796 796 est:

270 822 487 877 σκίδνημι
500 821 533 873 ⁰³,
563 824 761 873 κίδναται,
789 823 983 871 ἐκίδνατο,
1015 819 1213 870 ἐκέδασσε,
1243 819 1474 865 ἐκέδασθεν,
1499 817 1775 864 κεδασθέντεσ,
1800 817 1975 855 -θείσκσ,

154 891 344 941 Quarum
389 893 630 932 formarum
677 903 787 940 quae
834 901 940 930 sono
987 901 1028 927 σ-
1070 891 1231 937 carent,
1274 891 1415 927 metro
1457 887 1653 936 adaptari
1690 886 1847 936 partim
1888 895 1973 923 non

153 961 353 1008 poterant
392 961 477 999 nisi
519 960 679 999 initiali
719 960 792 998 illo
833 969 939 998 sono
981 957 1202 1006 neglecto;
1237 957 1390 995 harum
1429 956 1561 1004 igitur
1588 965 1639 993 ea
1667 955 1750 993 fuit
1781 952 1976 992 condicio

152 1036 262 1074 quae
317 1037 474 1067 vocum
531 1038 662 1076 supra
716 1028 1160 1067 commemoratarum
1218 1023 1502 1073 Σκάμανδροσ,
1546 1023 1694 1071 -δριοσ,
1738 1019 1977 1071 σκέπαρνον,

152 1092 351 1133 στέᾶτοσε.
385 1095 467 1134 Sed
498 1095 737 1134 formarum
770 1093 951 1132 ἐκίδνατο
984 1095 1027 1132 et
1059 1092 1240 1130 κίδναται
1272 1091 1356 1129 alia
1387 1091 1469 1129 fuit
1501 1091 1625 1129 ratio.
1658 1091 1747 1128 Aut
1772 1089 1905 1137 igitur
1933 1088 1976 1126 in

151 1162 246 1211 ipsa
303 1162 451 1210 lingua
495 1165 721 1211 poetarum
770 1162 988 1211 epicorum
1036 1160 1219 1199 biforme
1265 1159 1348 1197 fuit
1395 1158 1576 1197 verbum
1626 1157 1857 1205 (σ)κίὸ“νκμι,
1901 1157 1978 1194 aut

151 1229 322 1269 brevior
343 1231 494 1279 stirpis
523 1231 666 1269 forma
691 1231 884 1279 poeticae
917 1229 1095 1268 dictioni
1119 1227 1201 1266 soli
1219 1227 1392 1275 propria
1410 1226 1505 1273 fuit,
1531 1225 1661 1263 metri
1678 1234 1811 1263 causa
1829 1223 1976 1262 decur-

152 1299 257 1346 tata,
291 1298 342 1336 ad
376 1299 626 1347 exemplum
656 1301 805 1337 autem
832 1298 984 1336 aoristi
1009 1295 1192 1334 ἐκέδασσε
1220 1295 1351 1333 etiam
1381 1303 1587 1342 praesens
1613 1295 1656 1331 et
1671 1291 1977 1340 imperfectum

153 1365 402 1414 (σ)κίδιάται,
432 1364 668 1410 §mmmmm
701 1376 807 1404 sono
841 1376 862 1402 6
895 1368 997 1403 Sunt
1027 1363 1214 1412 spoliata
1229 1359 1260 1401 f.

273 1431 499 1486 σμῑκρόσθ
541 1434 634 1472 sive
674 1430 858 1483 μῑκρόσᾶ.
903 1433 1015 1471 Huic
1055 1431 1269 1470 adiectivo
1311 1430 1354 1467 in
1390 1428 1657 1467 carminibus
1689 1427 1820 1475 epicis
1852 1427 1978 1490 raris-

155 1497 292 1540 simoi
339 1502 572 1549 quominus
611 1501 753 1549 sigma
793 1500 960 1539 initiale
1000 1500 1094 1538 sive
1136 1498 1354 1536 adimatur
1395 1496 1488 1534 sive
1523 1496 1753 1543 tribuatur,
1787 1495 1977 1532 metrum

155 1578 241 1607 non
282 1568 451 1616 obstat3
494 1569 659 1607 incerta
700 1570 848 1607 autem
892 1569 959 1606 est
999 1576 1082 1610 reS‚
1126 1564 1227 1612 quia
1268 1566 1451 1610 utraque
1487 1562 1628 1601 forma
1660 1562 1701 1600 et
1731 1566 1882 1609 postea
1913 1563 1982 1600 est

155 1637 380 1684 usurpata.

275 1703 360 1743 σῦσ
400 1703 494 1742 sive
534 1698 598 1749 ὗσ,
634 1703 833 1752 συβώτκσ,
873 1700 1083 1750 συφορβόσ
1123 1701 1217 1738 sive
1250 1697 1443 1748 ὑφορβόσ.
1477 1697 1634 1736 Forma
1666 1696 1873 1744 integrior
1904 1701 1979 1734 σῦσ

157 1771 290 1810 etiam
322 1773 420 1820 post
451 1771 692 1810 Homerum
726 1767 876 1817 vixitj,
910 1768 1063 1807 firmus
1095 1769 1243 1806 autem
1275 1766 1405 1804 huius
1437 1765 1585 1812 stirpis
1617 1774 1751 1802 sonus
1779 1775 1799 1799 σ
1826 1764 1909 1802 fuit
1935 1764 1978 1802 in

157 1848 261 1877 voce
292 1835 471 1877 ataioolc.

276 1906 509 1946 Praeterea
539 1905 923 1945 commemoranda
949 1905 1054 1943 sunt
1085 1912 1245 1941 nomen
1272 1900 1432 1949 gentile
1459 1899 1602 1937 Σελλοί
1622 1901 1666 1937 et
1682 1898 1803 1937 fluvii
1821 1909 1979 1938 nomen

157 1975 347 2013 Σελλῆεισ
387 1973 639 2013 nominibus
672 1970 817 2010 Ἑλλάσ
848 1974 891 2010 et
919 1969 1118 2008 Ἕλλκνεσ
1153 1969 1374 2008 artissime
1406 1969 1603 2015 cognata,
1639 1977 1716 2005 nec
1748 1976 1833 2004 non
1867 1967 1980 2014 σειρίι

157 2042 209 2081 ab
242 2042 394 2081 eadem
427 2042 562 2090 stirpe
594 2041 772 2079 ductum
806 2041 937 2087 atque
969 2034 1157 2088 ἕρματαῐ.

276 2178 377 2216 Fuit
421 2187 521 2216 cum
563 2176 694 2214 tertia
732 2185 900 2223 quoque
931 2183 1122 2213 consona
1152 2173 1324 2221 spirans
1350 2185 1370 2220 J
1407 2171 1596 2218 vestigia
1643 2169 1757 2208 haud
1791 2169 1975 2208 obscura

156 2245 200 2285 in
241 2245 420 2284 Homeri
461 2246 555 2283 arte
597 2243 780 2282 metrica
815 2242 1043 2290 reliquisse
1075 2240 1386 2286 crederetur&
1421 2239 1572 2286 postea
1602 2237 1878 2276 intellectum
1913 2238 1982 2275 est

159 2313 204 2352 in
235 2313 385 2361 lingua
426 2313 559 2361 spica,
592 2311 709 2350 utin
742 2310 995 2359 posterioris
1027 2309 1124 2348 aevi
1142 2308 1344 2358 dictione,
1363 2306 1507 2345 nullas
1525 2306 1618 2344 eius
1635 2305 1771 2343 fuisse
1787 2306 1934 2352 partes
1954 2311 1987 2343 η».

161 2381 286 2420 Prius
317 2382 465 2419 autem
499 2390 521 2418 e
549 2379 813 2418 Graecorum
845 2378 995 2426 lingua
1020 2377 1135 2415 hunc
1160 2385 1317 2415 sonum
1343 2384 1473 2423 quam
1502 2383 1658 2412 sonum
1686 2387 1716 2423 f
1744 2372 1978 2410 evanuisse

160 2450 380 2487 testantur
410 2448 506 2497 ipsa
536 2448 661 2496 signa
692 2447 952 2485 litterarum.
986 2445 1097 2484 Nam
1129 2444 1343 2482 Punicum
1373 2452 1455 2481 vau
1481 2441 1670 2490 Graecis,
1704 2441 1752 2478 ut
1784 2439 1978 2488 Semitis‚

250 2613 269 2633 a
296 2606 322 2632 Ε
356 2603 419 2632 104
455 2603 510 2639 al„
541 2602 626 2632 locis
666 2601 939 2640 quatuordecim.
1075 2599 1090 2629 b
1122 2600 1202 2637 Pag.
1229 2599 1270 2628 84
1284 2608 1316 2628 x.
1452 2606 1468 2627 c
1489 2596 1641 2626 Roscher
1663 2595 1792 2633 gentile
1809 2595 1979 2634 ‘Hp-fadum

160 2653 263 2686 inser.
287 2655 339 2685 El.
365 2655 450 2685 1149
473 2654 552 2684 inde
576 2654 718 2685 ductum
743 2663 819 2684 esse
844 2655 878 2684 et
900 2661 979 2683 cum
999 2650 1151 2682 servandi
1172 2652 1280 2690 stirpe
1305 2650 1501 2681 cohaesisse
1521 2648 1698 2685 sumebat3
1720 2647 1781 2677 sed
1805 2648 1839 2676 in
1863 2645 1980 2685 lapide

160 2709 355 2739 accuratius
385 2708 542 2745 inspecto
576 2709 717 2745 Ebfaozoz
749 2706 843 2744 (pag.
871 2705 981 2745 13⁰9)
1006 2705 1175 2743 scriptum
1208 2712 1284 2734 esse
1314 2702 1485 2741 apparuit.
1511 2701 1611 2740 Apud
1635 2698 1828 2730 Homerum
1852 2707 1978 2728 nomen

153 2761 237 2802 ἽΙρη
260 2769 278 2791 a
301 2759 499 2791 nominibus
524 2761 615 2798 ἥρωα,
630 2759 818 2799 Ἠρακλέησ,
834 2757 928 2789 herus
947 2766 1013 2787 non
1032 2755 1283 2794 seiungendum
1305 2755 1401 2785 nulla
1420 2754 1623 2791 ceteroquin
1647 2761 1816 2783 consonae
1838 2750 1981 2781 initialis

161 2813 268 2843 habet
286 2811 446 2850 vestigia.
582 2811 605 2841 d
623 2811 639 2848 ξ
655 2813 730 2842 301.
865 2820 880 2841 e
893 2812 910 2849 ἓ
925 2811 978 2841 28.
1110 2809 1133 2846 f
1149 2809 1233 2838 Fick
1244 2807 1415 2838 Bezzenb.
1428 2807 1533 2837 Beitr.
1546 2806 1622 2836 XIV
1636 2806 1715 2835 316.
1845 2814 1867 2844 9
1882 2807 1908 2833 P
1919 2804 1982 2834 '757

163 2865 292 2896 h.Ven.
308 2866 383 2896 115.
552 2863 572 2893 Ιι
596 2866 622 2893 Ε
645 2865 707 2894 801
733 2875 751 2901 γ
776 2864 852 2893 296.
1029 2862 1042 2892 i
1065 2862 1105 2891 In
1128 2862 1246 2899 lingua
1270 2861 1368 2899 epioe.
1391 2859 1460 2889 dici
1484 2859 1618 2888 solebat
1641 2859 1748 2894 ὀλίγου
1772 2856 1827 2886 vel
1851 2858 1985 2891 τυτθόσ,

163 2918 374 2949 Valckenaer
393 2917 436 2947 ad
459 2917 614 2947 Ammon.
642 2916 703 2946 177
730 2924 805 2954 sqq.
943 2914 966 2954 j
988 2915 1048 2944 Ex.
1072 2923 1123 2951 gr.
1146 2913 1245 2943 Pind.
1271 2914 1312 2942 fr.
1338 2913 1379 2942 60
1403 2911 1483 2942 Eur.
1511 2911 1552 2940 fr.
1578 2910 1642 2940 855
1667 2909 1798 2939 Aelian.
1821 2907 1906 2939 XIII
1930 2909 1984 2938 25.

297 2968 317 2999 k
338 2971 430 3000 Aevo
460 2969 716 2999 antehomerico
744 2969 872 2998 avl'aaw
895 2966 967 2998 sive
991 2969 1129 3005 ascalon
1151 2967 1233 3002 fuit;
1259 2963 1440 3005 o(f)ioe7.oa:
1467 2961 1834 3003 συ-τὺπερφ(,ρ)ίαλοσε
1860 2962 1981 3001 ὑπερφυ

163 3022 255 3060 (adv.
280 3024 660 3063 ὑπερφεῡεὺπερφυῶσ,
692 3021 813 3051 Aesch.
844 3021 939 3051 Pers.
971 3020 1035 3050 520
1063 3020 1135 3056 al.).
1335 3016 1348 3046 l
1369 3025 1447 3055 pag.
1472 3016 1534 3046 152
1550 3025 1591 3044 m.
1791 3023 1819 3043 m
1846 3013 1985 3044 Curtius

162 3072 384 3112 Grundzfige⁵
410 3075 485 3111 602,
508 3075 602 3104 Krios
625 3075 667 3104 de
691 3074 864 3112 digammo
891 3073 953 3103 156
978 3080 1066 3110 sqq„
1089 3070 1226 3102 Monr02
1254 3070 1329 3101 376.
1495 3077 1516 3097 n
1540 3066 1698 3104 LMeyer
1720 3066 1841 3096 Kuhns
1863 3066 1984 3096 Zsohr.

168 3126 246 3157 XXI
271 3128 332 3158 351
358 3136 409 3165 sq.
