2234 3443
232 182 255 219 2
999 190 1257 219 PRAEFAno.

227 304 487 343 certissima.
529 304 641 343 Nam
685 305 821 343 fortes
858 306 961 342 ante
995 305 1377 352 Agamemnonem
1409 306 1453 343 et
1483 306 1636 354 poetas
1668 306 1770 344 ante
1802 305 2043 344 Homerum

226 371 393 410 vixisse
423 381 476 410 ex
508 372 618 420 ipsis
644 372 779 410 Iliade
806 373 849 410 et
875 370 1071 419 Odyssea
1100 374 1291 420 apparet,
1320 372 1363 410 in
1391 371 1546 419 quibus
1574 373 1774 411 carmina
1801 373 2046 412 vetustiora

226 438 324 486 plus
349 439 486 477 semel
513 441 618 477 sunt
643 438 823 477 laudata
841 440 884 477 et
911 440 1115 477 veterum
1134 440 1288 477 vatum
1306 439 1487 477 nomina
1499 438 1635 477 allata
1651 440 1754 477 sunt
1772 440 1998 488 complura
2013 440 2047 478 α.

342 506 432 555 Ipsi
463 508 610 544 autem
645 506 835 544 Homero
868 507 1041 553 praeter
1072 505 1156 544 duo
1188 515 1298 553 quae
1330 506 1559 544 nominata
1589 507 1693 544 sunt
1711 507 1908 545 carmina
1924 507 2045 555 epica

227 574 270 611 et
294 573 379 612 alia
403 573 508 612 olim
536 584 560 612 a
587 573 849 621 quibusdam
876 574 981 611 sunt
1003 572 1166 611 tributa
1178 567 1207 621 ²²,
1233 575 1275 611 et
1293 572 1476 611 nomina
1492 572 1653 611 saltem
1672 573 1916 612 carminum
1935 573 2044 613 mul-

223 641 368 679 torum
397 641 615 689 epicorum
634 641 687 679 ad
706 650 786 679 nos
803 641 1112 689 pervenerunt,
1131 649 1210 678 nec
1227 649 1312 678 non
1326 639 1817 687 versiculialiquotinde
1835 642 2047 690 excerpti.

222 707 455 746 Praeterea
500 718 646 747 rerum
688 709 731 746 in
773 707 859 746 illis
907 706 1176 746 carminibus
1221 709 1530 745 enarratarum
1578 709 1779 755 superest
1826 707 2045 756 epitome⁶

221 784 246 813 a
278 775 427 814 Proclo
459 776 648 823 quodam
681 785 736 813 ex
764 774 1008 822 antiquiore
1045 775 1302 823 compendio
1334 771 1597 822 excerptad;
1631 784 1735 813 nam
1768 774 1875 823 ipsis
1893 775 2044 813 carmi-

221 842 348 882 nibus
391 843 580 881 vetustis
619 842 797 881 Proclus
823 842 898 880 ille
923 852 1030 881 usus
1063 852 1160 881 esse
1191 852 1278 881 non
1312 842 1522 889 videture,
1555 850 1695 889 neque
1726 851 1837 888 quae
1869 841 2044 890 singula

221 911 415 949 carmina
447 910 695 948 habuerunt
719 909 904 957 rettulit,
938 910 1014 948 sed
1047 919 1193 948 rerum
1225 909 1269 947 in
1301 909 1432 948 terris
1463 909 1566 947 olim
1601 910 1827 956 gestarum
1861 908 2042 947 annales

220 977 281 1015 ita
319 978 567 1026 composuit
607 979 655 1015 ut
695 987 772 1025 pro
805 977 984 1015 arbitrio
1016 978 1128 1015 inter
1161 987 1207 1015 se
1240 977 1525 1024 coniungeret
1556 986 1666 1024 quae
1698 976 2043 1016 incarminibus

219 1045 410 1083 vetustis
449 1044 624 1083 fuerant
652 1046 842 1083 narrata.
876 1044 1001 1083 Multi
1033 1047 1182 1083 autem
1213 1044 1326 1082 int-er
1359 1043 1546 1082 Graecos
1577 1044 1646 1082 his
1678 1044 1861 1091 aliisque
1892 1045 2045 1083 carmi-

219 1112 347 1150 nibus
396 1123 482 1151 non
525 1111 708 1150 Homeri
749 1121 909 1150 nornen
951 1112 1027 1150 sed
1074 1111 1160 1149 alia.
1197 1107 1628 1159 praescripseruntf:
1674 1106 1834 1150 stasmi
1880 1111 2040 1160 Cyprii,

219 1174 386 1218 Arctini
417 1179 584 1227 Milesii,
615 1178 790 1218 Leschae
814 1178 971 1227 Lesbii,
1000 1178 1132 1227 Ayz'ae
1158 1178 1396 1226 Troezenii,
1433 1177 1647 1228 Creophyli
1674 1178 1808 1217 Samii
1836 1179 1906 1217 vel
1932 1178 2040 1218 Chii.

333 1248 562 1286 Praeterea
603 1246 768 1296 Hymni
797 1248 841 1284 in
875 1247 1086 1285 honorem
1120 1247 1300 1284 deorum
1334 1246 1583 1294 complures
1617 1245 1668 1284 ab
1701 1246 1895 1285 Homero
1928 1256 2039 1285 com-

217 1314 350 1362 positi
386 1324 484 1353 esse
525 1314 814 1361 ferebantur⁹‚
859 1313 931 1360 qui
973 1323 1111 1361 neque
1152 1313 1283 1351 unius
1323 1312 1503 1351 fuerunt
1540 1313 1706 1352 saeculi
1738 1322 1880 1360 neque
1908 1305 2041 1351 Unius

216 1382 420 1432 regionis,
476 1391 615 1429 neque
662 1383 816 1429 poetae
856 1380 1006 1419 Iliadis
1049 1381 1117 1419 vel
1150 1382 1304 1429 poetae
1338 1380 1562 1428 Odysseae
1595 1382 1698 1419 sunt
1730 1380 1962 1429 tribuendi,
1995 1380 2040 1418 in

216 1459 352 1488 unum
385 1451 531 1488 autem
565 1459 720 1497 corpus
751 1448 922 1496 quando
955 1448 1126 1487 collecti
1157 1447 1320 1486 fuerint
1352 1457 1440 1486 non
1472 1450 1660 1487 constat.

334 1517 479 1556 Etiam
518 1516 715 1564 Maryites
756 1525 936 1555 carmen
979 1516 1291 1554 hexametrum
1324 1515 1486 1554 iambis
1518 1515 1826 1554 intermixtum
1860 1514 2044 1553 Homeri

217 1594 326 1633 opus
372 1587 440 1623 est
476 1579 732 1631 habitumh;
776 1593 860 1630 quo
904 1584 1097 1621 carmine
1138 1583 1287 1621 iocoso
1328 1581 1550 1621 ridebatur
1581 1583 1713 1622 homo
1745 1582 1932 1631 ineptus,
1965 1581 2039 1629 qui

216 1648 322 1690 πόλλ’
358 1648 550 1701 ἠπίστατο
581 1649 723 1703 froya,
757 1655 892 1688 κακῶσ
930 1645 964 1687 δ’
1000 1647 1193 1699 ἠπίστατο
1225 1649 1367 1687 πάντα.

358 1719 446 1758 Nec
496 1729 581 1758 non
621 1712 1015 1767 Batrachomachia,
1060 1728 1162 1766 epos
1194 1717 1424 1766 ludicrum,
1460 1718 1504 1755 in
1535 1727 1618 1765 quo
1651 1727 1782 1756 ranae
1814 1718 1857 1755 et
1888 1725 2039 1754 mures

257 1894 277 1913 α
300 1884 382 1921 Pag.
408 1884 425 1913 6
450 1891 501 1920 sq.
638 1881 654 1911 b
677 1880 810 1911 Theb-xis
828 1891 847 1911 a
867 1880 999 1911 Callino
1021 1881 1113 1919 apud
1134 1879 1281 1911 Pausan.
1303 1881 1350 1911 IX
1371 1882 1389 1911 9
1405 1882 1463 1918 §3,
1478 1879 1538 1910 ubi
1548 1881 1654 1919 prisci
1665 1881 1901 1918 huiuspoetae
1913 1887 2038 1908 nomen

211 1936 358 1966 debetur
395 1935 625 1971 coniecturae,
657 1935 728 1965 leni
763 1943 844 1964 sane
880 1938 985 1972 atque
1017 1935 1167 1965 fortasse
1197 1934 1387 1972 probabili3
1420 1932 1537 1973 Cypria
1569 1943 1588 1963 a
1611 1932 1759 1963 Pindaro
1784 1931 1878 1971 apud
1903 1931 2038 1961 Aelian.

214 1988 251 2020 V.
287 1989 328 2019 H.
362 1989 409 2019 IX
445 1989 484 2018 15
517 1990 552 2018 et
581 1988 623 2017 ab
654 1987 829 2017 Herodoto
865 1987 900 2016 II
931 1987 1015 2022 117;
1047 1985 1190 2026 Epiqoni
1214 1987 1256 2016 ab
1281 1987 1456 2016 Herodoto
1480 1987 1526 2016 IV
1554 1987 1596 2016 32
1621 2003 1662 2007 —
1685 1985 1748 2015 sed
1770 1985 1970 2015 dubitanter
1991 1999 2036 2005 —

214 2045 248 2072 et
276 2042 318 2071 ab
353 2040 582 2078 Aristophane
609 2041 687 2069 Pac.
715 2041 812 2070 1270.
836 2039 935 2075 Quod
954 2048 1034 2068 vero
1058 2037 1204 2068 Proclus
1233 2039 1372 2077 scripsit
1396 2039 1589 2069 Chrestom.
1614 2039 1679 2068 468
1705 2036 1830 2068 Gaisf.:
1857 2039 1886 2067 οἱ
1908 2038 2036 2077 ἀρχαῖοι

212 2097 263 2125 καὶ
286 2095 340 2124 τὸν
365 2097 488 2123 Κύκλον
511 2094 719 2133 ἀναφέρουσιν
743 2094 790 2122 εἰσ
814 2095 919 2126 αὐτόν,
946 2092 980 2121 id
1004 2093 1118 2121 minus
1142 2092 1211 2122 huc
1236 2092 1337 2127 sacit;
1362 2100 1429 2121 non
1449 2091 1541 2122 enim
1560 2091 1602 2121 de
1623 2092 1814 2121 carminum
1827 2090 1943 2127 aliquo
1954 2089 2037 2118 orbe

212 2148 260 2177 ibi
283 2148 323 2176 fit
345 2155 467 2182 sermo,
494 2141 558 2176 sed
580 2145 753 2183 quomodo
775 2145 837 2174 illa
860 2145 965 2174 verba
991 2143 1061 2174 sint
1082 2145 1285 2182 accipienda
1311 2145 1411 2174 docet
1431 2144 1556 2174 Suidas
1576 2143 1611 2173 in
1625 2144 1702 2173 Vita
1721 2144 1838 2173 Hom.:
1861 2150 1958 2178 „esee
1977 2142 2036 2179 qui

212 2203 349 2238 praeter
379 2198 524 2229 Iliadem
556 2202 661 2234 atque
691 2198 879 2235 Odysseam
912 2200 946 2227 et
977 2198 1043 2226 alia
1076 2196 1106 2226 ei
1130 2206 1236 2236 opera
1262 2197 1428 2233 tribuant,
1454 2197 1688 2235 Amazoniam,
1711 2194 1858 2225 Iliadem
1879 2195 2039 2230 Parvum,

211 2253 367 2288 Nostos,.
384 2273 390 2280 .
407 2274 414 2281 .
437 2251 591 2288 cyclum,
618 2249 784 2288 Hymnos,
816 2248 939 2288 Cypria
955 2251 973 2263 '’
1005 2250 1137 2288 Nempe
1160 2251 1257 2279 suere
1287 2250 1346 2287 qui
1383 2248 1476 2287 Cycli
1509 2250 1647 2279 nomine
1678 2248 1900 2286 designarent
1927 2247 2035 2284 epita·

210 2305 331 2343 phium
355 2303 528 2341 quoddam
553 2301 707 2340 quinque
731 2311 906 2339 versuum,
930 2311 949 2332 a
973 2301 1139 2332 Cleobulo
1164 2303 1360 2331 confectum
1388 2310 1456 2331 sec.
1477 2300 1577 2339 Diog.
1598 2301 1712 2331 Laert.
1734 2301 1751 2330 Ι
1775 2302 1806 2336 6,
1831 2308 1899 2337 quo
1921 2299 2037 2329 Midae

210 2357 303 2395 regis
326 2357 453 2386 vetusti
478 2356 676 2394 sepulcrum
701 2358 863 2385 ornatum
888 2356 995 2384 fuisse
1021 2356 1130 2384 fertur
1151 2355 1231 2391 (Vit.
1257 2352 1372 2390 Hom..
1395 2354 1482 2384 Plat.
1503 2353 1651 2384 Phaedr.
1673 2355 1735 2383 264
1749 2362 1776 2388 c,
1800 2352 1898 2389 alibi3
1920 2354 1962 2381 ef.
1983 2351 2032 2381 Io.

208 2409 423 2448 Philoponue
457 2407 492 2437 in
528 2407 668 2438 Aristot.
704 2407 801 2438 Anal.
838 2410 918 2446 post
950 2407 1020 2437 77b
1058 2406 1213 2443 Brandis,
1248 2406 1414 2436 Ludwich
1444 2406 1486 2436 de
1511 2406 1614 2444 Cyclo
1638 2405 1832 2441 Homerico,
1856 2404 2036 2441 Rei-tigrin,

210 2463 319 2499 1905).
443 2471 459 2491 c
493 2461 532 2490 In
568 2459 829 2497 Prolegomenis
867 2459 990 2490 Iliadis
1025 2460 1136 2490 codici
1171 2461 1197 2489 A
1232 2459 1445 2497 praemissis.
1477 2459 1609 2488 Horum
1641 2458 1916 2496 Prolegomenon
1950 2457 2033 2486 folia

209 2524 300 2545 nunc
327 2515 465 2545 turbata
491 2523 557 2551 quo
583 2512 704 2543 ordine
727 2514 891 2552 primitus
914 2522 950 2542 se
973 2511 1176 2551 exceperint
1198 2512 1316 2542 docuit
1336 2509 1550 2550 Comparetti
1570 2509 1605 2540 in
1625 2509 1846 2540 Praefatione
1864 2509 2030 2547 Imaginis

209 2569 418 2607 phototypae
443 2567 548 2596 huius
579 2567 707 2596 codicis
734 2575 753 2595 a
786 2566 956 2603 Sythoffio
987 2575 1075 2595 ani-o
1109 2567 1192 2595 1901
1226 2564 1349 2594 editae.
1376 2562 1561 2602 Complura
1585 2566 1702 2593 autem
1729 2564 1810 2592 solia
1837 2562 2030 2601 perierunt;

208 2623 242 2651 iu
279 2629 424 2658 quorum
457 2628 526 2649 uno
558 2621 756 2648 enarratum
792 2619 859 2647 fuit
891 2617 1010 2657 Cypria
1038 2626 1188 2647 carmen.
1217 2617 1284 2647 Sed
1319 2618 1353 2646 in
1384 2614 1620 2646 Escorialensi
1650 2615 1798 2653 quodam
1831 2614 2034 2653 apoarapho

207 2678 341 2703 servata
361 2675 443 2702 sunt
460 2680 548 2710 qnae
566 2672 631 2701 hoc
659 2671 780 2700 folium
806 2670 940 2706 habuit,
964 2671 1073 2700 Bethe
1097 2668 1218 2699 Rhe-in.
1246 2670 1334 2699 Mus.
1358 2670 1454 2699 1893.
1601 2667 1624 2697 d
1652 2668 1813 2698 Fortasse
1826 2675 1869 2697 ex
1881 2666 2032 2704 Dionysii

210 2724 302 2765 Cyclo
334 2725 487 2755 historico
519 2726 591 2754 sive
623 2725 818 2762 priscorum
848 2724 1047 2760 mythorum
1071 2725 1300 2760 syntagmate,
1326 2721 1417 2759 quod
1443 2721 1478 2750 10
1513 2723 1591 2750 ante
1616 2718 1791 2750 Christum
1815 2719 1954 2749 saeculo
1977 2721 2032 2748 est

208 2779 450 2816 compositum,
484 2776 622 2807 Diodor.
655 2776 707 2805 III
738 2778 791 2811 66,
815 2776 854 2805 K.
879 2776 916 2806 Ο,
942 2776 1067 2805 Mfiller
1092 2775 1216 2805 Gesch.
1247 2774 1279 2803 d.
1305 2783 1356 2812 gr.
1379 2771 1479 2804 Litt.³
1501 2774 1575 2812 110,
1601 2771 1709 2802 Bothe
1734 2773 1850 2802 Herm.
1875 2772 1928 2807 26,
1953 2771 2028 2800 593.

339 2840 354 2859 e
376 2831 425 2859 De
457 2830 570 2860 Procli
596 2829 661 2858 hoo
685 2837 789 2866 opere
808 2828 909 2857 Phot.
932 2826 1020 2857 Bibl.
1047 2828 1123 2857 239.
1145 2826 1304 2857 Secundo
1326 2828 1404 2864 post
1429 2824 1508 2856 Chr.
1532 2825 1671 2855 saeculo
1699 2831 1778 2854 eum
1800 2822 1938 2859 vixisse,
1962 2829 2028 2851 non

205 2882 391 2920 significari
436 2883 542 2919 igitur
580 2881 867 2919 Neoplatonieum
898 2879 1146 2919 philosophum
1189 2878 1300 2914 illum,
1335 2877 1397 2916 qui
1431 2880 1552 2916 quinto
1587 2877 1726 2907 demum
1761 2874 1900 2904 saeculo
1933 2874 2029 2911 vixit,

207 2935 355 2964 coniecit
375 2935 530 2963 Welcker
556 2934 617 2971 Ep.
639 2932 731 2970 Cycl.
745 2935 762 2962 3
778 2942 853 2971 sqq.
985 2930 1014 2971 s
1035 2932 1090 2962 Sic
1109 2931 1316 2961 Aristoteles
1335 2931 1436 2961 Poet.
1451 2932 1490 2959 23
1506 2930 1645 2959 Homeri
1659 2931 1767 2958 artem
1782 2927 1949 2965 opposuit
1959 2925 2025 2954 arti

206 2991 329 3024 poetae
343 2987 402 3024 qui
415 2986 532 3026 Cypria
546 2987 627 3015 fecit
642 2989 906 3023 ceterorumque
920 2989 1102 3024 poetarum
1115 2982 1306 3022 epicorum.
1420 2991 1441 3020 9
1475 2981 1697 3018 Thucydides
1711 2980 1764 3010 ΙΙΙ
1779 2981 1841 3009 104
1855 2977 1888 3008 ei
1900 2978 2024 3007 tribuit

205 3040 369 3077 hymnum
383 3037 567 3077 Apollinis;
587 3039 668 3068 item
683 3037 877 3068 Simonides
897 3039 1002 3075 (inira
1024 3046 1102 3075 pag.
1124 3039 1141 3066 3
1156 3046 1182 3072 e,
1201 3038 1219 3065 4
1233 3035 1282 3073 d).
1416 3034 1436 3064 h
1455 3035 1505 3065 Ab
1525 3032 1780 3073 Archilocho(?)
1795 3036 1829 3061 et
1850 3040 1868 3061 a
1885 3028 2026 3060 Cratino

205 3092 392 3121 secundum
418 3092 631 3121 Euetratium
652 3091 694 3119 ad
720 3091 861 3119 Aristot.
886 3090 965 3120 Eth.
990 3091 1121 3120 Nicom.
1146 3089 1191 3119 VI
1218 3089 1247 3119 7.
1273 3089 1457 3118 Praeterea
1483 3088 1526 3117 cf.
1552 3085 1758 3117 Aristoteles
1782 3085 1876 3114 Poet.
1902 3086 1916 3112 4
1948 3085 1961 3120 ς’
1984 3083 2026 3112 12

206 3146 240 3173 et
265 3143 396 3182 [Plato]
423 3142 531 3172 Alcib.
557 3142 592 3171 11
619 3142 724 3172 147b.
