<?xml version="1.0" encoding="UTF-8"?>
<!DOCTYPE html PUBLIC "-//W3C//DTD XHTML 1.0 Transitional//EN"
    "http://www.w3.org/TR/xhtml1/DTD/xhtml1-transitional.dtd">
<html xmlns="http://www.w3.org/1999/xhtml" xml:lang="en" lang="en">
 <head>
  <title>
</title>
<meta http-equiv="Content-Type" content="text/html;charset=utf-8" />
  <meta name='ocr-system' content='tesseract 3.04.00' />
  <meta name='ocr-capabilities' content='ocr_page ocr_carea ocr_par ocr_line ocrx_word'/>
</head>
<body>
  <div class='ocr_page' id='page_1' title='image "./enchiridiumdicti00leeuuoft_0349.png"; bbox 0 0 2234 3443; ppageno 0'>
   <div class='ocr_carea' id='block_1_1' title="bbox 174 222 1982 271">
    <p class='ocr_par' dir='ltr' id='par_1_1' title="bbox 174 222 1982 271">
     <span class='ocr_line' id='line_1_1' title="bbox 174 222 1982 271; baseline -0.001 -9"><span class='ocrx_word' id='word_1_1' title='bbox 174 225 198 271; x_wconf 68' lang='grc' dir='ltr'><strong>ἓ</strong></span> <span class='ocrx_word' id='word_1_2' title='bbox 231 224 329 270; x_wconf 88' lang='grc'><strong>191]</strong></span> <span class='ocrx_word' id='word_1_3' title='bbox 776 233 829 261; x_wconf 72' lang='lat' dir='ltr'>nn</span> <span class='ocrx_word' id='word_1_4' title='bbox 860 232 1083 261; x_wconf 82' lang='lat' dir='ltr'>STIBPlBUS</span> <span class='ocrx_word' id='word_1_5' title='bbox 1115 232 1160 260; x_wconf 77' lang='lat' dir='ltr'>m</span> <span class='ocrx_word' id='word_1_6' title='bbox 1192 232 1230 271; x_wconf 84' lang='grc' dir='ltr'>ᾶ,</span> <span class='ocrx_word' id='word_1_7' title='bbox 1260 236 1297 270; x_wconf 77' lang='grc' dir='ltr'>η,</span> <span class='ocrx_word' id='word_1_8' title='bbox 1328 236 1370 259; x_wconf 88' lang='grc' dir='ltr'>ω.</span> <span class='ocrx_word' id='word_1_9' title='bbox 1891 222 1982 261; x_wconf 83' lang='grc'>325</span> 
     </span>
    </p>
   </div>
   <div class='ocr_carea' id='block_1_2' title="bbox 160 345 1988 1061">
    <p class='ocr_par' dir='ltr' id='par_1_2' title="bbox 160 345 1988 1061">
     <span class='ocr_line' id='line_1_2' title="bbox 172 345 1986 399; baseline -0.001 -13"><span class='ocrx_word' id='word_1_10' title='bbox 172 347 306 399; x_wconf 78' lang='lat' dir='ltr'>tando</span> <span class='ocrx_word' id='word_1_11' title='bbox 346 347 566 386; x_wconf 81' lang='lat' dir='ltr'>rideret?‹²</span> <span class='ocrx_word' id='word_1_12' title='bbox 597 347 805 386; x_wconf 88' lang='lat' dir='ltr'>Ludicras</span> <span class='ocrx_word' id='word_1_13' title='bbox 841 356 938 385; x_wconf 88' lang='lat' dir='ltr'>esse</span> <span class='ocrx_word' id='word_1_14' title='bbox 969 356 1099 386; x_wconf 84' lang='lat' dir='ltr'>voces</span> <span class='ocrx_word' id='word_1_15' title='bbox 1131 355 1260 385; x_wconf 92' lang='lat' dir='ltr'>nemo</span> <span class='ocrx_word' id='word_1_16' title='bbox 1291 355 1377 384; x_wconf 90' lang='lat' dir='ltr'>non</span> <span class='ocrx_word' id='word_1_17' title='bbox 1410 345 1558 393; x_wconf 81' lang='lat' dir='ltr'><strong>sentit,</strong></span> <span class='ocrx_word' id='word_1_18' title='bbox 1592 345 1668 384; x_wconf 90' lang='lat' dir='ltr'>sed</span> <span class='ocrx_word' id='word_1_19' title='bbox 1699 346 1853 385; x_wconf 91' lang='lat' dir='ltr'>ludicri</span> <span class='ocrx_word' id='word_1_20' title='bbox 1885 346 1986 394; x_wconf 91' lang='lat' dir='ltr'>quid</span> 
     </span>
     <span class='ocr_line' id='line_1_3' title="bbox 172 412 1986 463; baseline 0 -11"><span class='ocrx_word' id='word_1_21' title='bbox 172 414 316 453; x_wconf 84' lang='lat' dir='ltr'>inest?</span> <span class='ocrx_word' id='word_1_22' title='bbox 340 414 474 454; x_wconf 88' lang='lat' dir='ltr'>Poeta</span> <span class='ocrx_word' id='word_1_23' title='bbox 493 414 688 462; x_wconf 85' lang='lat' dir='ltr'>tragicus</span> <span class='ocrx_word' id='word_1_24' title='bbox 702 414 1010 463; x_wconf 87' lang='lat' dir='ltr'>perhibeturne</span> <span class='ocrx_word' id='word_1_25' title='bbox 1028 412 1242 453; x_wconf 87' lang='lat' dir='ltr'>eiusmodi</span> <span class='ocrx_word' id='word_1_26' title='bbox 1264 415 1464 452; x_wconf 86' lang='lat' dir='ltr'>monstra</span> <span class='ocrx_word' id='word_1_27' title='bbox 1485 412 1647 461; x_wconf 90' lang='lat' dir='ltr'>fingere</span> <span class='ocrx_word' id='word_1_28' title='bbox 1665 414 1800 452; x_wconf 85' lang='lat' dir='ltr'>fuisse</span> <span class='ocrx_word' id='word_1_29' title='bbox 1817 414 1986 462; x_wconf 89' lang='lat' dir='ltr'>solitus,</span> 
     </span>
     <span class='ocr_line' id='line_1_4' title="bbox 173 478 1985 530; baseline -0.001 -9"><span class='ocrx_word' id='word_1_30' title='bbox 173 492 256 530; x_wconf 89' lang='lat' dir='ltr'>quo</span> <span class='ocrx_word' id='word_1_31' title='bbox 296 481 468 521; x_wconf 84' lang='lat' dir='ltr'><strong>facilius</strong></span> <span class='ocrx_word' id='word_1_32' title='bbox 509 483 778 521; x_wconf 90' lang='lat' dir='ltr'>canticorum</span> <span class='ocrx_word' id='word_1_33' title='bbox 825 491 1032 521; x_wconf 91' lang='lat' dir='ltr'>numeros</span> <span class='ocrx_word' id='word_1_34' title='bbox 1078 478 1334 530; x_wconf 78' lang='lat' dir='ltr'>expleretb?</span> <span class='ocrx_word' id='word_1_35' title='bbox 1365 481 1542 519; x_wconf 83' lang='lat' dir='ltr'>Minime</span> <span class='ocrx_word' id='word_1_36' title='bbox 1576 483 1743 520; x_wconf 88' lang='lat' dir='ltr'>rerum!</span> <span class='ocrx_word' id='word_1_37' title='bbox 1778 480 1871 520; x_wconf 89' lang='lat' dir='ltr'>Non</span> <span class='ocrx_word' id='word_1_38' title='bbox 1908 481 1985 519; x_wconf 91' lang='lat' dir='ltr'>im-</span> 
     </span>
     <span class='ocr_line' id='line_1_5' title="bbox 173 548 1988 598; baseline -0.001 -10"><span class='ocrx_word' id='word_1_39' title='bbox 173 550 356 598; x_wconf 83' lang='lat' dir='ltr'>peritiae</span> <span class='ocrx_word' id='word_1_40' title='bbox 402 549 681 588; x_wconf 89' lang='lat' dir='ltr'>socordiaeve</span> <span class='ocrx_word' id='word_1_41' title='bbox 728 549 892 596; x_wconf 90' lang='lat' dir='ltr'>aliquid</span> <span class='ocrx_word' id='word_1_42' title='bbox 939 549 982 587; x_wconf 93' lang='lat' dir='ltr'>in</span> <span class='ocrx_word' id='word_1_43' title='bbox 1025 548 1223 587; x_wconf 89' lang='lat' dir='ltr'>versibus</span> <span class='ocrx_word' id='word_1_44' title='bbox 1263 548 1503 597; x_wconf 83' lang='lat' dir='ltr'>pangendis</span> <span class='ocrx_word' id='word_1_45' title='bbox 1543 548 1732 596; x_wconf 88' lang='lat' dir='ltr'>Euripidi</span> <span class='ocrx_word' id='word_1_46' title='bbox 1767 558 1792 586; x_wconf 88' lang='lat' dir='ltr'>a</span> <span class='ocrx_word' id='word_1_47' title='bbox 1823 548 1988 587; x_wconf 91' lang='lat' dir='ltr'>comico</span> 
     </span>
     <span class='ocr_line' id='line_1_6' title="bbox 171 615 1987 665; baseline -0.002 -9"><span class='ocrx_word' id='word_1_48' title='bbox 171 617 356 656; x_wconf 87' lang='lat' dir='ltr'>obicitur</span> <span class='ocrx_word' id='word_1_49' title='bbox 399 616 502 665; x_wconf 90' lang='lat' dir='ltr'>illic,</span> <span class='ocrx_word' id='word_1_50' title='bbox 552 637 602 642; x_wconf 94' lang='lat'>—</span> <span class='ocrx_word' id='word_1_51' title='bbox 645 626 729 664; x_wconf 91' lang='lat' dir='ltr'>quo</span> <span class='ocrx_word' id='word_1_52' title='bbox 760 616 870 656; x_wconf 91' lang='lat' dir='ltr'>vitio</span> <span class='ocrx_word' id='word_1_53' title='bbox 902 615 974 655; x_wconf 93' lang='lat' dir='ltr'>ille</span> <span class='ocrx_word' id='word_1_54' title='bbox 1007 616 1192 654; x_wconf 88' lang='lat' dir='ltr'>minime</span> <span class='ocrx_word' id='word_1_55' title='bbox 1222 615 1469 663; x_wconf 85' lang='lat' dir='ltr'>tenebatur,</span> <span class='ocrx_word' id='word_1_56' title='bbox 1504 636 1556 642; x_wconf 95' lang='lat'>—</span> <span class='ocrx_word' id='word_1_57' title='bbox 1591 615 1666 653; x_wconf 90' lang='lat' dir='ltr'>sed</span> <span class='ocrx_word' id='word_1_58' title='bbox 1698 615 1861 654; x_wconf 77' lang='lat' dir='ltr'>musica</span> <span class='ocrx_word' id='word_1_59' title='bbox 1892 615 1987 653; x_wconf 90' lang='lat' dir='ltr'>eius</span> 
     </span>
     <span class='ocr_line' id='line_1_7' title="bbox 160 683 1987 734; baseline -0.001 -11"><span class='ocrx_word' id='word_1_60' title='bbox 160 685 404 734; x_wconf 12' lang='lat' dir='ltr'>*conamina</span> <span class='ocrx_word' id='word_1_61' title='bbox 433 684 602 733; x_wconf 90' lang='lat' dir='ltr'>popello</span> <span class='ocrx_word' id='word_1_62' title='bbox 630 683 900 732; x_wconf 86' lang='lat' dir='ltr'>explodenda</span> <span class='ocrx_word' id='word_1_63' title='bbox 929 683 1228 733; x_wconf 85' lang='lat' dir='ltr'>propinantur.</span> <span class='ocrx_word' id='word_1_64' title='bbox 1260 683 1307 722; x_wconf 93' lang='lat' dir='ltr'>Id</span> <span class='ocrx_word' id='word_1_65' title='bbox 1340 684 1451 731; x_wconf 91' lang='lat' dir='ltr'>quod</span> <span class='ocrx_word' id='word_1_66' title='bbox 1484 683 1800 731; x_wconf 83' lang='lat' dir='ltr'>Aristophanes</span> <span class='ocrx_word' id='word_1_67' title='bbox 1832 683 1987 732; x_wconf 89' lang='lat' dir='ltr'>impro-</span> 
     </span>
     <span class='ocr_line' id='line_1_8' title="bbox 172 750 1988 800; baseline 0 -12"><span class='ocrx_word' id='word_1_68' title='bbox 172 750 303 789; x_wconf 88' lang='lat' dir='ltr'>babat</span> <span class='ocrx_word' id='word_1_69' title='bbox 336 773 389 779; x_wconf 89' lang='lat'><em>-</em></span> <span class='ocrx_word' id='word_1_70' title='bbox 421 754 465 790; x_wconf 92' lang='lat' dir='ltr'>et</span> <span class='ocrx_word' id='word_1_71' title='bbox 495 752 687 800; x_wconf 85' lang='lat' dir='ltr'>graviter</span> <span class='ocrx_word' id='word_1_72' title='bbox 717 751 890 799; x_wconf 88' lang='lat' dir='ltr'>quidem</span> <span class='ocrx_word' id='word_1_73' title='bbox 923 752 1121 799; x_wconf 89' lang='lat' dir='ltr'>serioque</span> <span class='ocrx_word' id='word_1_74' title='bbox 1154 750 1442 799; x_wconf 85' lang='lat' dir='ltr'>improbabat,</span> <span class='ocrx_word' id='word_1_75' title='bbox 1470 751 1583 789; x_wconf 89' lang='lat' dir='ltr'>haud</span> <span class='ocrx_word' id='word_1_76' title='bbox 1611 751 1758 798; x_wconf 82' lang='lat' dir='ltr'>exigui</span> <span class='ocrx_word' id='word_1_77' title='bbox 1775 750 1988 788; x_wconf 88' lang='lat' dir='ltr'>momenti</span> 
     </span>
     <span class='ocr_line' id='line_1_9' title="bbox 170 818 1986 867; baseline 0 -11"><span class='ocrx_word' id='word_1_78' title='bbox 170 827 262 856; x_wconf 90' lang='lat' dir='ltr'>rem</span> <span class='ocrx_word' id='word_1_79' title='bbox 294 820 430 867; x_wconf 87' lang='lat' dir='ltr'>ratus,</span> <span class='ocrx_word' id='word_1_80' title='bbox 464 841 519 846; x_wconf 94' lang='lat'><strong>—</strong></span> <span class='ocrx_word' id='word_1_81' title='bbox 552 822 646 858; x_wconf 85' lang='lat' dir='ltr'>erat</span> <span class='ocrx_word' id='word_1_82' title='bbox 677 829 774 858; x_wconf 90' lang='lat' dir='ltr'>mos</span> <span class='ocrx_word' id='word_1_83' title='bbox 805 821 910 858; x_wconf 90' lang='lat' dir='ltr'>tunc</span> <span class='ocrx_word' id='word_1_84' title='bbox 941 829 1094 858; x_wconf 87' lang='lat' dir='ltr'>recens</span> <span class='ocrx_word' id='word_1_85' title='bbox 1119 818 1313 867; x_wconf 85' lang='lat' dir='ltr'>syllabas</span> <span class='ocrx_word' id='word_1_86' title='bbox 1344 818 1458 857; x_wconf 91' lang='lat' dir='ltr'>binis</span> <span class='ocrx_word' id='word_1_87' title='bbox 1489 818 1742 867; x_wconf 85' lang='lat' dir='ltr'>pluribusve</span> <span class='ocrx_word' id='word_1_88' title='bbox 1773 819 1893 857; x_wconf 90' lang='lat' dir='ltr'>sonis</span> <span class='ocrx_word' id='word_1_89' title='bbox 1924 827 1986 856; x_wconf 92' lang='lat' dir='ltr'>or-</span> 
     </span>
     <span class='ocr_line' id='line_1_10' title="bbox 171 885 1983 934; baseline 0.001 -11"><span class='ocrx_word' id='word_1_90' title='bbox 171 885 317 926; x_wconf 86' lang='lat' dir='ltr'>nandi.</span> <span class='ocrx_word' id='word_1_91' title='bbox 360 888 530 934; x_wconf 89' lang='lat' dir='ltr'>quoties</span> <span class='ocrx_word' id='word_1_92' title='bbox 569 886 612 925; x_wconf 91' lang='lat' dir='ltr'>id</span> <span class='ocrx_word' id='word_1_93' title='bbox 653 886 817 925; x_wconf 87' lang='lat' dir='ltr'>ferrent</span> <span class='ocrx_word' id='word_1_94' title='bbox 855 887 1048 926; x_wconf 89' lang='lat' dir='ltr'>rationes</span> <span class='ocrx_word' id='word_1_95' title='bbox 1089 887 1299 926; x_wconf 87' lang='lat' dir='ltr'>musicae.</span> <span class='ocrx_word' id='word_1_96' title='bbox 1342 886 1496 934; x_wconf 86' lang='lat' dir='ltr'>Itaque</span> <span class='ocrx_word' id='word_1_97' title='bbox 1530 887 1598 924; x_wconf 91' lang='lat' dir='ltr'>his</span> <span class='ocrx_word' id='word_1_98' title='bbox 1639 886 1727 925; x_wconf 88' lang='lat' dir='ltr'>fere</span> <span class='ocrx_word' id='word_1_99' title='bbox 1760 885 1898 933; x_wconf 89' lang='lat' dir='ltr'>signis</span> <span class='ocrx_word' id='word_1_100' title='bbox 1928 904 1983 910; x_wconf 91' lang='lat'>—-</span> 
     </span>
     <span class='ocr_line' id='line_1_11' title="bbox 171 951 1985 1003; baseline -0.001 -12"><span class='ocrx_word' id='word_1_101' title='bbox 171 962 280 1000; x_wconf 86' lang='lat' dir='ltr'>quae</span> <span class='ocrx_word' id='word_1_102' title='bbox 311 963 396 992; x_wconf 91' lang='lat' dir='ltr'>non</span> <span class='ocrx_word' id='word_1_103' title='bbox 428 954 513 993; x_wconf 90' lang='lat' dir='ltr'>nisi</span> <span class='ocrx_word' id='word_1_104' title='bbox 543 954 735 1003; x_wconf 82' lang='lat' dir='ltr'>exempli</span> <span class='ocrx_word' id='word_1_105' title='bbox 765 964 898 993; x_wconf 85' lang='lat' dir='ltr'>causa</span> <span class='ocrx_word' id='word_1_106' title='bbox 929 955 999 993; x_wconf 92' lang='lat' dir='ltr'>hic</span> <span class='ocrx_word' id='word_1_107' title='bbox 1030 955 1283 993; x_wconf 87' lang='lat' dir='ltr'>inseruntur</span> <span class='ocrx_word' id='word_1_108' title='bbox 1318 975 1369 981; x_wconf 90' lang='lat'>——</span> <span class='ocrx_word' id='word_1_109' title='bbox 1404 954 1587 993; x_wconf 88' lang='lat' dir='ltr'>indicari</span> <span class='ocrx_word' id='word_1_110' title='bbox 1620 955 1766 1002; x_wconf 88' lang='lat' dir='ltr'>potest</span> <span class='ocrx_word' id='word_1_111' title='bbox 1792 953 1835 991; x_wconf 92' lang='lat' dir='ltr'>id</span> <span class='ocrx_word' id='word_1_112' title='bbox 1872 951 1985 1000; x_wconf 90' lang='lat' dir='ltr'>quod</span> 
     </span>
     <span class='ocr_line' id='line_1_12' title="bbox 171 1020 1029 1061; baseline 0.002 -3"><span class='ocrx_word' id='word_1_113' title='bbox 171 1021 366 1059; x_wconf 91' lang='lat' dir='ltr'>comicus</span> <span class='ocrx_word' id='word_1_114' title='bbox 398 1020 659 1060; x_wconf 87' lang='lat' dir='ltr'>histrionem</span> <span class='ocrx_word' id='word_1_115' title='bbox 692 1031 846 1060; x_wconf 88' lang='lat' dir='ltr'>canere</span> <span class='ocrx_word' id='word_1_116' title='bbox 877 1022 1029 1061; x_wconf 89' lang='lat' dir='ltr'>iussit:</span> 
     </span>
    </p>
   </div>
   <div class='ocr_carea' id='block_1_3' title="bbox 767 1229 873 1232">
    <p class='ocr_par' dir='ltr' id='par_1_3' title="bbox 767 1229 873 1232">
     <span class='ocr_line' id='line_1_13' title="bbox 767 1229 873 1232; baseline 0 0"><span class='ocrx_word' id='word_1_117' title='bbox 767 1229 873 1232; x_wconf 95' lang='lat' dir='ltr'> </span> 
     </span>
    </p>
   </div>
   <div class='ocr_carea' id='block_1_4' title="bbox 747 1262 1509 1302">
    <p class='ocr_par' dir='ltr' id='par_1_4' title="bbox 747 1262 1509 1302">
     <span class='ocr_line' id='line_1_14' title="bbox 747 1262 1509 1302; baseline 0.001 -1"><span class='ocrx_word' id='word_1_118' title='bbox 747 1262 783 1301; x_wconf 84' lang='grc' dir='ltr'>εἱ</span> <span class='ocrx_word' id='word_1_119' title='bbox 811 1285 861 1290; x_wconf 88' lang='grc'><strong>-</strong></span> <span class='ocrx_word' id='word_1_120' title='bbox 913 1287 963 1293; x_wconf 91' lang='grc'><strong>-</strong></span> <span class='ocrx_word' id='word_1_121' title='bbox 997 1286 1050 1292; x_wconf 90' lang='grc'>-</span> <span class='ocrx_word' id='word_1_122' title='bbox 1087 1287 1138 1292; x_wconf 90' lang='grc'><strong>-</strong></span> <span class='ocrx_word' id='word_1_123' title='bbox 1177 1286 1229 1292; x_wconf 93' lang='grc'>-</span> <span class='ocrx_word' id='word_1_124' title='bbox 1257 1264 1405 1302; x_wconf 84' lang='grc' dir='ltr'><em>λίσσετε</em></span> <span class='ocrx_word' id='word_1_125' title='bbox 1434 1262 1509 1302; x_wconf 80' lang='grc' dir='ltr'>κτὲ.</span> 
     </span>
    </p>
   </div>
   <div class='ocr_carea' id='block_1_5' title="bbox 167 1367 1988 1693">
    <p class='ocr_par' dir='ltr' id='par_1_5' title="bbox 167 1367 1988 1693">
     <span class='ocr_line' id='line_1_15' title="bbox 168 1367 1987 1421; baseline -0.001 -11"><span class='ocrx_word' id='word_1_126' title='bbox 168 1372 370 1410; x_wconf 89' lang='lat' dir='ltr'>imitatus</span> <span class='ocrx_word' id='word_1_127' title='bbox 401 1372 522 1410; x_wconf 86' lang='lat' dir='ltr'>vocis</span> <span class='ocrx_word' id='word_1_128' title='bbox 553 1381 627 1410; x_wconf 91' lang='lat' dir='ltr'>eas</span> <span class='ocrx_word' id='word_1_129' title='bbox 657 1371 979 1411; x_wconf 87' lang='lat' dir='ltr'>modulationes</span> <span class='ocrx_word' id='word_1_130' title='bbox 1011 1372 1167 1420; x_wconf 91' lang='lat' dir='ltr'>quibus</span> <span class='ocrx_word' id='word_1_131' title='bbox 1200 1373 1423 1421; x_wconf 86' lang='lat' dir='ltr'>Euripides</span> <span class='ocrx_word' id='word_1_132' title='bbox 1451 1371 1573 1411; x_wconf 90' lang='lat' dir='ltr'>filum</span> <span class='ocrx_word' id='word_1_133' title='bbox 1605 1367 1809 1410; x_wconf 87' lang='lat' dir='ltr'>manibus</span> <span class='ocrx_word' id='word_1_134' title='bbox 1841 1370 1987 1409; x_wconf 89' lang='lat' dir='ltr'>nentis</span> 
     </span>
     <span class='ocr_line' id='line_1_16' title="bbox 168 1438 1986 1488; baseline -0.001 -10"><span class='ocrx_word' id='word_1_135' title='bbox 168 1440 437 1488; x_wconf 85' lang='lat' dir='ltr'>protractum</span> <span class='ocrx_word' id='word_1_136' title='bbox 472 1439 769 1487; x_wconf 78' lang='lat' dir='ltr'>depinxeratc.</span> <span class='ocrx_word' id='word_1_137' title='bbox 803 1439 936 1488; x_wconf 88' lang='lat' dir='ltr'>Signa</span> <span class='ocrx_word' id='word_1_138' title='bbox 963 1451 1065 1479; x_wconf 91' lang='lat' dir='ltr'>vero</span> <span class='ocrx_word' id='word_1_139' title='bbox 1092 1441 1261 1479; x_wconf 86' lang='lat' dir='ltr'>musica</span> <span class='ocrx_word' id='word_1_140' title='bbox 1292 1451 1392 1479; x_wconf 90' lang='lat' dir='ltr'>cum</span> <span class='ocrx_word' id='word_1_141' title='bbox 1420 1440 1593 1488; x_wconf 87' lang='lat' dir='ltr'>absunt,</span> <span class='ocrx_word' id='word_1_142' title='bbox 1622 1440 1665 1478; x_wconf 92' lang='lat' dir='ltr'>in</span> <span class='ocrx_word' id='word_1_143' title='bbox 1693 1440 1819 1478; x_wconf 84' lang='lat' dir='ltr'>textu</span> <span class='ocrx_word' id='word_1_144' title='bbox 1848 1438 1986 1477; x_wconf 91' lang='lat' dir='ltr'>oculis</span> 
     </span>
     <span class='ocr_line' id='line_1_17' title="bbox 167 1505 1985 1557; baseline -0.001 -13"><span class='ocrx_word' id='word_1_145' title='bbox 167 1506 360 1545; x_wconf 86' lang='lat' dir='ltr'>subiecto</span> <span class='ocrx_word' id='word_1_146' title='bbox 406 1506 590 1544; x_wconf 89' lang='lat' dir='ltr'>obscura</span> <span class='ocrx_word' id='word_1_147' title='bbox 630 1509 698 1544; x_wconf 89' lang='lat' dir='ltr'>est</span> <span class='ocrx_word' id='word_1_148' title='bbox 729 1508 796 1545; x_wconf 91' lang='lat' dir='ltr'>vis</span> <span class='ocrx_word' id='word_1_149' title='bbox 829 1507 949 1546; x_wconf 89' lang='lat' dir='ltr'>verbi</span> <span class='ocrx_word' id='word_1_150' title='bbox 984 1507 1104 1546; x_wconf 91' lang='lat' dir='ltr'>illius</span> <span class='ocrx_word' id='word_1_151' title='bbox 1136 1508 1398 1557; x_wconf 86' lang='lat' dir='ltr'>polysyllabi</span> <span class='ocrx_word' id='word_1_152' title='bbox 1430 1510 1474 1547; x_wconf 90' lang='lat' dir='ltr'>et</span> <span class='ocrx_word' id='word_1_153' title='bbox 1505 1508 1670 1546; x_wconf 88' lang='lat' dir='ltr'>multos</span> <span class='ocrx_word' id='word_1_154' title='bbox 1702 1507 1806 1545; x_wconf 90' lang='lat' dir='ltr'>olim</span> <span class='ocrx_word' id='word_1_155' title='bbox 1837 1505 1985 1544; x_wconf 79' lang='lat' dir='ltr'>latuit:</span> 
     </span>
     <span class='ocr_line' id='line_1_18' title="bbox 170 1573 1987 1624; baseline 0 -13"><span class='ocrx_word' id='word_1_156' title='bbox 170 1573 296 1612; x_wconf 90' lang='lat' dir='ltr'>hodie</span> <span class='ocrx_word' id='word_1_157' title='bbox 326 1583 380 1611; x_wconf 92' lang='lat' dir='ltr'>ne</span> <span class='ocrx_word' id='word_1_158' title='bbox 412 1573 545 1612; x_wconf 87' lang='lat' dir='ltr'>etiam</span> <span class='ocrx_word' id='word_1_159' title='bbox 577 1573 713 1612; x_wconf 86' lang='lat' dir='ltr'>lateat</span> <span class='ocrx_word' id='word_1_160' title='bbox 744 1584 829 1613; x_wconf 94' lang='lat' dir='ltr'>non</span> <span class='ocrx_word' id='word_1_161' title='bbox 862 1577 930 1614; x_wconf 89' lang='lat' dir='ltr'>est</span> <span class='ocrx_word' id='word_1_162' title='bbox 960 1575 1216 1624; x_wconf 89' lang='lat' dir='ltr'>periculum,</span> <span class='ocrx_word' id='word_1_163' title='bbox 1250 1578 1483 1624; x_wconf 87' lang='lat' dir='ltr'>postquam</span> <span class='ocrx_word' id='word_1_164' title='bbox 1517 1585 1538 1613; x_wconf 91' lang='lat' dir='ltr'>e</span> <span class='ocrx_word' id='word_1_165' title='bbox 1566 1574 1781 1624; x_wconf 89' lang='lat' dir='ltr'>lapidibus</span> <span class='ocrx_word' id='word_1_166' title='bbox 1799 1575 1840 1612; x_wconf 85' lang='lat' dir='ltr'>et</span> <span class='ocrx_word' id='word_1_167' title='bbox 1858 1583 1987 1621; x_wconf 85' lang='lat' dir='ltr'>papy-</span> 
     </span>
     <span class='ocr_line' id='line_1_19' title="bbox 168 1640 1988 1693; baseline -0.001 -13"><span class='ocrx_word' id='word_1_168' title='bbox 168 1650 314 1680; x_wconf 91' lang='lat' dir='ltr'>rorum</span> <span class='ocrx_word' id='word_1_169' title='bbox 360 1640 622 1688; x_wconf 86' lang='lat' dir='ltr'>fragmentis</span> <span class='ocrx_word' id='word_1_170' title='bbox 667 1641 832 1680; x_wconf 87' lang='lat' dir='ltr'>similia</span> <span class='ocrx_word' id='word_1_171' title='bbox 862 1642 1146 1693; x_wconf 88' lang='lat' dir='ltr'>innotuerunt</span> <span class='ocrx_word' id='word_1_172' title='bbox 1172 1643 1216 1681; x_wconf 89' lang='lat' dir='ltr'>in</span> <span class='ocrx_word' id='word_1_173' title='bbox 1250 1642 1432 1681; x_wconf 88' lang='lat' dir='ltr'>canticis</span> <span class='ocrx_word' id='word_1_174' title='bbox 1463 1642 1800 1690; x_wconf 86' lang='lat' dir='ltr'>haudquaquam</span> <span class='ocrx_word' id='word_1_175' title='bbox 1829 1640 1988 1679; x_wconf 89' lang='lat' dir='ltr'>iocosis</span> 
     </span>
    </p>
   </div>
   <div class='ocr_carea' id='block_1_6' title="bbox 170 1703 1226 1841">
    <p class='ocr_par' dir='ltr' id='par_1_6' title="bbox 170 1703 1226 1841">
     <span class='ocr_line' id='line_1_20' title="bbox 170 1703 1226 1841; baseline 0.002 -57"><span class='ocrx_word' id='word_1_176' title='bbox 170 1745 347 1797; x_wconf 84' lang='lat' dir='ltr'>scripta,</span> <span class='ocrx_word' id='word_1_177' title='bbox 380 1755 449 1784; x_wconf 86' lang='lat' dir='ltr'>ex.</span> <span class='ocrx_word' id='word_1_178' title='bbox 481 1755 551 1793; x_wconf 84' lang='lat' dir='ltr'>gr:</span> <span class='ocrx_word' id='word_1_179' title='bbox 585 1714 709 1782; x_wconf 58' lang='lat' dir='ltr'>§siz</span> <span class='ocrx_word' id='word_1_180' title='bbox 740 1746 834 1784; x_wconf 89' lang='lat' dir='ltr'>sive</span> <span class='ocrx_word' id='word_1_181' title='bbox 870 1703 1162 1841; x_wconf 36' lang='grc' dir='ltr'>ᾗῇ</span> <span class='ocrx_word' id='word_1_182' title='bbox 1193 1743 1226 1786; x_wconf 77' lang='lat' dir='ltr'>d.</span> 
     </span>
    </p>
   </div>
   <div class='ocr_carea' id='block_1_7' title="bbox 1031 1843 1087 1883">
    <p class='ocr_par' dir='ltr' id='par_1_7' title="bbox 1031 1843 1087 1883">
     <span class='ocr_line' id='line_1_21' title="bbox 1031 1843 1087 1883; baseline -0.018 0"><span class='ocrx_word' id='word_1_183' title='bbox 1031 1843 1087 1883; x_wconf 82' lang='grc' dir='ltr'>ὡσ</span> 
     </span>
    </p>
   </div>
   <div class='ocr_carea' id='block_1_8' title="bbox 983 1721 1111 1726">
    <p class='ocr_par' dir='ltr' id='par_1_8' title="bbox 983 1721 1111 1726">
     <span class='ocr_line' id='line_1_22' title="bbox 983 1721 1111 1726; baseline 0 0"><span class='ocrx_word' id='word_1_184' title='bbox 983 1721 1111 1726; x_wconf 95' lang='lat' dir='ltr'> </span> 
     </span>
    </p>
   </div>
   <div class='ocr_carea' id='block_1_9' title="bbox 169 1949 1989 2404">
    <p class='ocr_par' dir='ltr' id='par_1_9' title="bbox 169 1949 1989 2404">
     <span class='ocr_line' id='line_1_23' title="bbox 287 1949 1984 2001; baseline 0 -13"><span class='ocrx_word' id='word_1_185' title='bbox 287 1949 512 1988; x_wconf 88' lang='lat' dir='ltr'>Habemus</span> <span class='ocrx_word' id='word_1_186' title='bbox 545 1949 679 1997; x_wconf 85' lang='lat' dir='ltr'>igitur</span> <span class='ocrx_word' id='word_1_187' title='bbox 710 1951 819 1998; x_wconf 92' lang='lat' dir='ltr'>quod</span> <span class='ocrx_word' id='word_1_188' title='bbox 860 1953 1174 2001; x_wconf 87' lang='lat' dir='ltr'>respondeatur</span> <span class='ocrx_word' id='word_1_189' title='bbox 1210 1953 1263 1991; x_wconf 88' lang='lat' dir='ltr'>ad</span> <span class='ocrx_word' id='word_1_190' title='bbox 1295 1953 1602 2001; x_wconf 88' lang='lat' dir='ltr'>quaestionem</span> <span class='ocrx_word' id='word_1_191' title='bbox 1636 1951 1765 1990; x_wconf 94' lang='lat' dir='ltr'>modo</span> <span class='ocrx_word' id='word_1_192' title='bbox 1796 1950 1984 1999; x_wconf 89' lang='lat' dir='ltr'>proposi—</span> 
     </span>
     <span class='ocr_line' id='line_1_24' title="bbox 169 2015 1985 2068; baseline 0 -13"><span class='ocrx_word' id='word_1_193' title='bbox 169 2020 291 2055; x_wconf 90' lang='lat' dir='ltr'>tam:</span> <span class='ocrx_word' id='word_1_194' title='bbox 340 2017 441 2064; x_wconf 91' lang='lat' dir='ltr'>quid</span> <span class='ocrx_word' id='word_1_195' title='bbox 486 2018 554 2055; x_wconf 89' lang='lat' dir='ltr'>est</span> <span class='ocrx_word' id='word_1_196' title='bbox 600 2015 767 2065; x_wconf 80' lang='grc' dir='ltr'><em>ἰχθυάαι</em></span> <span class='ocrx_word' id='word_1_197' title='bbox 814 2019 882 2057; x_wconf 87' lang='lat' dir='ltr'>vel</span> <span class='ocrx_word' id='word_1_198' title='bbox 923 2019 1170 2067; x_wconf 67' lang='grc' dir='ltr'>μαιμώωσαὶ)</span> <span class='ocrx_word' id='word_1_199' title='bbox 1211 2019 1304 2058; x_wconf 91' lang='lat' dir='ltr'>Non</span> <span class='ocrx_word' id='word_1_200' title='bbox 1337 2019 1535 2068; x_wconf 86' lang='lat' dir='ltr'>poeticae</span> <span class='ocrx_word' id='word_1_201' title='bbox 1566 2018 1608 2056; x_wconf 91' lang='lat' dir='ltr'>id</span> <span class='ocrx_word' id='word_1_202' title='bbox 1641 2020 1710 2057; x_wconf 89' lang='lat' dir='ltr'>est</span> <span class='ocrx_word' id='word_1_203' title='bbox 1741 2018 1865 2065; x_wconf 83' lang='lat' dir='ltr'>artiS‚</span> <span class='ocrx_word' id='word_1_204' title='bbox 1899 2026 1985 2056; x_wconf 90' lang='lat' dir='ltr'>non</span> 
     </span>
     <span class='ocr_line' id='line_1_25' title="bbox 171 2084 1987 2137; baseline 0 -15"><span class='ocrx_word' id='word_1_205' title='bbox 171 2084 393 2133; x_wconf 88' lang='lat' dir='ltr'>metricae,</span> <span class='ocrx_word' id='word_1_206' title='bbox 434 2084 506 2122; x_wconf 91' lang='lat' dir='ltr'>sed</span> <span class='ocrx_word' id='word_1_207' title='bbox 549 2084 755 2137; x_wconf 75' lang='lat' dir='ltr'>musicae3</span> <span class='ocrx_word' id='word_1_208' title='bbox 797 2095 882 2124; x_wconf 91' lang='lat' dir='ltr'>non</span> <span class='ocrx_word' id='word_1_209' title='bbox 915 2084 1233 2136; x_wconf 52' lang='lat' dir='ltr'>quadrisyllaba</span> <span class='ocrx_word' id='word_1_210' title='bbox 1265 2087 1397 2126; x_wconf 89' lang='lat' dir='ltr'>verba</span> <span class='ocrx_word' id='word_1_211' title='bbox 1428 2086 1497 2125; x_wconf 93' lang='lat' dir='ltr'>his</span> <span class='ocrx_word' id='word_1_212' title='bbox 1531 2085 1690 2124; x_wconf 91' lang='lat' dir='ltr'>litteris</span> <span class='ocrx_word' id='word_1_213' title='bbox 1723 2087 1827 2124; x_wconf 91' lang='lat' dir='ltr'>sunt</span> <span class='ocrx_word' id='word_1_214' title='bbox 1857 2085 1987 2137; x_wconf 87' lang='lat' dir='ltr'>signi-</span> 
     </span>
     <span class='ocr_line' id='line_1_26' title="bbox 170 2150 1986 2203; baseline 0 -13"><span class='ocrx_word' id='word_1_215' title='bbox 170 2150 310 2200; x_wconf 86' lang='lat' dir='ltr'>ficata,</span> <span class='ocrx_word' id='word_1_216' title='bbox 353 2151 427 2190; x_wconf 85' lang='lat' dir='ltr'>sed</span> <span class='ocrx_word' id='word_1_217' title='bbox 467 2151 698 2200; x_wconf 79' lang='lat' dir='ltr'>trisyllaba.</span> <span class='ocrx_word' id='word_1_218' title='bbox 737 2152 969 2203; x_wconf 86' lang='lat' dir='ltr'>Rhapsodi,</span> <span class='ocrx_word' id='word_1_219' title='bbox 1003 2155 1075 2202; x_wconf 91' lang='lat' dir='ltr'>qui</span> <span class='ocrx_word' id='word_1_220' title='bbox 1107 2155 1176 2193; x_wconf 89' lang='lat' dir='ltr'>sui</span> <span class='ocrx_word' id='word_1_221' title='bbox 1208 2154 1305 2193; x_wconf 90' lang='lat' dir='ltr'>aevi</span> <span class='ocrx_word' id='word_1_222' title='bbox 1336 2164 1467 2193; x_wconf 89' lang='lat' dir='ltr'>sonos</span> <span class='ocrx_word' id='word_1_223' title='bbox 1499 2152 1767 2192; x_wconf 88' lang='lat' dir='ltr'>carminibus</span> <span class='ocrx_word' id='word_1_224' title='bbox 1799 2152 1986 2191; x_wconf 87' lang='lat' dir='ltr'>vetustis</span> 
     </span>
     <span class='ocr_line' id='line_1_27' title="bbox 169 2217 1987 2270; baseline 0 -13"><span class='ocrx_word' id='word_1_225' title='bbox 169 2219 472 2258; x_wconf 88' lang='lat' dir='ltr'>immiscentes</span> <span class='ocrx_word' id='word_1_226' title='bbox 494 2217 633 2268; x_wconf 82' lang='grc' dir='ltr'><strong><em>ἰχθυᾶι</em></strong></span> <span class='ocrx_word' id='word_1_227' title='bbox 650 2223 693 2259; x_wconf 92' lang='lat' dir='ltr'>et</span> <span class='ocrx_word' id='word_1_228' title='bbox 710 2226 893 2269; x_wconf 85' lang='grc' dir='ltr'><em>μαιμῶσα</em></span> <span class='ocrx_word' id='word_1_229' title='bbox 911 2221 1230 2270; x_wconf 85' lang='lat' dir='ltr'>declamabant,</span> <span class='ocrx_word' id='word_1_230' title='bbox 1249 2231 1324 2270; x_wconf 89' lang='lat' dir='ltr'>per</span> <span class='ocrx_word' id='word_1_231' title='bbox 1340 2221 1460 2260; x_wconf 78' lang='lat' dir='ltr'>binas</span> <span class='ocrx_word' id='word_1_232' title='bbox 1478 2220 1672 2268; x_wconf 88' lang='lat' dir='ltr'>syllabas</span> <span class='ocrx_word' id='word_1_233' title='bbox 1689 2219 1987 2258; x_wconf 83' lang='lat' dir='ltr'>extendebant</span> 
     </span>
     <span class='ocr_line' id='line_1_28' title="bbox 171 2285 1987 2337; baseline 0.001 -14"><span class='ocrx_word' id='word_1_234' title='bbox 171 2285 344 2324; x_wconf 86' lang='lat' dir='ltr'>vocales</span> <span class='ocrx_word' id='word_1_235' title='bbox 371 2296 395 2323; x_wconf 80' lang='grc' dir='ltr'>ᾶ</span> <span class='ocrx_word' id='word_1_236' title='bbox 420 2288 461 2325; x_wconf 91' lang='lat' dir='ltr'>et</span> <span class='ocrx_word' id='word_1_237' title='bbox 484 2300 514 2324; x_wconf 84' lang='grc' dir='ltr'><em>ω</em></span> <span class='ocrx_word' id='word_1_238' title='bbox 536 2290 677 2328; x_wconf 87' lang='lat' dir='ltr'>metro</span> <span class='ocrx_word' id='word_1_239' title='bbox 700 2289 838 2327; x_wconf 89' lang='lat' dir='ltr'>invito</span> <span class='ocrx_word' id='word_1_240' title='bbox 865 2291 1005 2337; x_wconf 88' lang='lat' dir='ltr'>natas,</span> <span class='ocrx_word' id='word_1_241' title='bbox 1028 2289 1150 2327; x_wconf 88' lang='lat' dir='ltr'>illam</span> <span class='ocrx_word' id='word_1_242' title='bbox 1174 2298 1249 2337; x_wconf 91' lang='lat' dir='ltr'>per</span> <span class='ocrx_word' id='word_1_243' title='bbox 1272 2288 1450 2327; x_wconf 91' lang='lat' dir='ltr'>brevem</span> <span class='ocrx_word' id='word_1_244' title='bbox 1469 2290 1512 2326; x_wconf 92' lang='lat' dir='ltr'>et</span> <span class='ocrx_word' id='word_1_245' title='bbox 1528 2287 1706 2335; x_wconf 87' lang='lat' dir='ltr'>longam</span> <span class='ocrx_word' id='word_1_246' title='bbox 1725 2288 1820 2325; x_wconf 88' lang='lat' dir='ltr'>sive</span> <span class='ocrx_word' id='word_1_247' title='bbox 1838 2296 1987 2325; x_wconf 88' lang='lat' dir='ltr'>moras</span> 
     </span>
     <span class='ocr_line' id='line_1_29' title="bbox 169 2353 1989 2404; baseline 0.001 -14"><span class='ocrx_word' id='word_1_248' title='bbox 169 2356 275 2401; x_wconf 79' lang='lat' dir='ltr'>treS,</span> <span class='ocrx_word' id='word_1_249' title='bbox 300 2353 412 2392; x_wconf 84' lang='lat' dir='ltr'>hanc</span> <span class='ocrx_word' id='word_1_250' title='bbox 438 2363 513 2402; x_wconf 88' lang='lat' dir='ltr'>per</span> <span class='ocrx_word' id='word_1_251' title='bbox 538 2355 647 2394; x_wconf 88' lang='lat' dir='ltr'>duas</span> <span class='ocrx_word' id='word_1_252' title='bbox 671 2357 826 2404; x_wconf 86' lang='lat' dir='ltr'>longas</span> <span class='ocrx_word' id='word_1_253' title='bbox 846 2357 940 2395; x_wconf 91' lang='lat' dir='ltr'>sive</span> <span class='ocrx_word' id='word_1_254' title='bbox 964 2366 1111 2395; x_wconf 87' lang='lat' dir='ltr'>moras</span> <span class='ocrx_word' id='word_1_255' title='bbox 1139 2360 1339 2404; x_wconf 87' lang='lat' dir='ltr'>quatuor,</span> <span class='ocrx_word' id='word_1_256' title='bbox 1365 2377 1408 2383; x_wconf 93' lang='lat'>—</span> <span class='ocrx_word' id='word_1_257' title='bbox 1433 2357 1496 2394; x_wconf 86' lang='lat' dir='ltr'>sie</span> <span class='ocrx_word' id='word_1_258' title='bbox 1529 2355 1645 2394; x_wconf 90' lang='lat' dir='ltr'>enim</span> <span class='ocrx_word' id='word_1_259' title='bbox 1669 2353 1762 2392; x_wconf 88' lang='lat' dir='ltr'>fieri</span> <span class='ocrx_word' id='word_1_260' title='bbox 1779 2354 1989 2392; x_wconf 88' lang='lat' dir='ltr'>iubebant</span> 
     </span>
    </p>
   </div>
   <div class='ocr_carea' id='block_1_10' title="bbox 788 2561 920 2573">
    <p class='ocr_par' dir='ltr' id='par_1_10' title="bbox 788 2561 920 2573">
     <span class='ocr_line' id='line_1_30' title="bbox 788 2561 920 2573; baseline 0 870"><span class='ocrx_word' id='word_1_261' title='bbox 788 2561 920 2573; x_wconf 95' lang='lat' dir='ltr'> </span> 
     </span>
    </p>
   </div>
   <div class='ocr_carea' id='block_1_11' title="bbox 1140 2580 1342 2592">
    <p class='ocr_par' dir='ltr' id='par_1_11' title="bbox 1140 2580 1342 2592">
     <span class='ocr_line' id='line_1_31' title="bbox 1140 2580 1342 2592; baseline 0 851"><span class='ocrx_word' id='word_1_262' title='bbox 1140 2580 1342 2592; x_wconf 95' lang='lat' dir='ltr'> </span> 
     </span>
    </p>
   </div>
   <div class='ocr_carea' id='block_1_12' title="bbox 541 2630 649 2634">
    <p class='ocr_par' dir='ltr' id='par_1_12' title="bbox 541 2630 649 2634">
     <span class='ocr_line' id='line_1_32' title="bbox 541 2630 649 2634; baseline 0 0"><span class='ocrx_word' id='word_1_263' title='bbox 541 2630 649 2634; x_wconf 95' lang='lat' dir='ltr'> </span> 
     </span>
    </p>
   </div>
   <div class='ocr_carea' id='block_1_13' title="bbox 653 2631 764 2636">
    <p class='ocr_par' dir='ltr' id='par_1_13' title="bbox 653 2631 764 2636">
     <span class='ocr_line' id='line_1_33' title="bbox 653 2631 764 2636; baseline 0 0"><span class='ocrx_word' id='word_1_264' title='bbox 653 2631 764 2636; x_wconf 95' lang='lat' dir='ltr'> </span> 
     </span>
    </p>
   </div>
   <div class='ocr_carea' id='block_1_14' title="bbox 770 2631 875 2636">
    <p class='ocr_par' dir='ltr' id='par_1_14' title="bbox 770 2631 875 2636">
     <span class='ocr_line' id='line_1_34' title="bbox 770 2631 875 2636; baseline 0 0"><span class='ocrx_word' id='word_1_265' title='bbox 770 2631 875 2636; x_wconf 95' lang='lat' dir='ltr'> </span> 
     </span>
    </p>
   </div>
   <div class='ocr_carea' id='block_1_15' title="bbox 1142 2631 1395 2636">
    <p class='ocr_par' dir='ltr' id='par_1_15' title="bbox 1142 2631 1395 2636">
     <span class='ocr_line' id='line_1_35' title="bbox 1142 2631 1395 2636; baseline 0 0"><span class='ocrx_word' id='word_1_266' title='bbox 1142 2631 1395 2636; x_wconf 95' lang='lat' dir='ltr'> </span> 
     </span>
    </p>
   </div>
   <div class='ocr_carea' id='block_1_16' title="bbox 169 2419 1749 2717">
    <p class='ocr_par' dir='ltr' id='par_1_16' title="bbox 169 2419 1749 2717">
     <span class='ocr_line' id='line_1_36' title="bbox 169 2419 1749 2471; baseline 0.001 -14"><span class='ocrx_word' id='word_1_267' title='bbox 169 2419 355 2467; x_wconf 90' lang='lat' dir='ltr'>numeri,</span> <span class='ocrx_word' id='word_1_268' title='bbox 387 2441 442 2446; x_wconf 92' lang='lat'>—-</span> <span class='ocrx_word' id='word_1_269' title='bbox 474 2422 517 2460; x_wconf 90' lang='lat' dir='ltr'>et</span> <span class='ocrx_word' id='word_1_270' title='bbox 547 2422 656 2462; x_wconf 78' lang='lat' dir='ltr'>binis</span> <span class='ocrx_word' id='word_1_271' title='bbox 687 2424 807 2462; x_wconf 88' lang='lat' dir='ltr'>sonis</span> <span class='ocrx_word' id='word_1_272' title='bbox 840 2423 1068 2471; x_wconf 87' lang='lat' dir='ltr'>ornabant,</span> <span class='ocrx_word' id='word_1_273' title='bbox 1101 2424 1164 2462; x_wconf 89' lang='lat' dir='ltr'>sic</span> <span class='ocrx_word' id='word_1_274' title='bbox 1195 2424 1286 2462; x_wconf 83' lang='lat' dir='ltr'>fere</span> <span class='ocrx_word' id='word_1_275' title='bbox 1317 2423 1426 2461; x_wconf 87' lang='lat' dir='ltr'>haec</span> <span class='ocrx_word' id='word_1_276' title='bbox 1456 2422 1749 2471; x_wconf 87' lang='lat' dir='ltr'>proferentes:</span> 
     </span>
     <span class='ocr_line' id='line_1_37' title="bbox 540 2518 1590 2606; baseline 0.022 -62"><span class='ocrx_word' id='word_1_277' title='bbox 540 2533 921 2558; x_wconf 41' lang='lat' dir='ltr'>——ae—Q-q—</span> <span class='ocrx_word' id='word_1_278' title='bbox 1009 2566 1053 2603; x_wconf 70' lang='lat' dir='ltr'>et</span> <span class='ocrx_word' id='word_1_279' title='bbox 1139 2518 1590 2606; x_wconf 48' lang='lat' dir='ltr'>:gg-{331</span> 
     </span>
     <span class='ocr_line' id='line_1_38' title="bbox 541 2563 1588 2635; baseline -0.001 -14"><span class='ocrx_word' id='word_1_280' title='bbox 541 2563 920 2621; x_wconf 71' lang='lat'><em>—0——;</em></span> <span class='ocrx_word' id='word_1_281' title='bbox 745 2563 754 2598; x_wconf 60' lang='grc' dir='ltr'>ἰ</span> <span class='ocrx_word' id='word_1_282' title='bbox 787 2584 921 2635; x_wconf 60' lang='grc'>*-</span> <span class='ocrx_word' id='word_1_283' title='bbox 1141 2574 1418 2621; x_wconf 75' lang='lat'><em>—0-0———¹</em></span> <span class='ocrx_word' id='word_1_284' title='bbox 1422 2577 1452 2613; x_wconf 76' lang='lat'>—¹</span> <span class='ocrx_word' id='word_1_285' title='bbox 1455 2585 1588 2612; x_wconf 68' lang='lat'><strong>-——&#39;</strong></span> 
     </span>
     <span class='ocr_line' id='line_1_39' title="bbox 753 2614 1588 2659; baseline 0 -7"><span class='ocrx_word' id='word_1_286' title='bbox 753 2644 815 2659; x_wconf 50' lang='lat' dir='ltr'>V</span> <span class='ocrx_word' id='word_1_287' title='bbox 1281 2647 1286 2652; x_wconf 80' lang='grc'><strong>.</strong></span> <span class='ocrx_word' id='word_1_288' title='bbox 1399 2614 1588 2641; x_wconf 56' lang='lat' dir='ltr'>i—*—-—</span> 
     </span>
     <span class='ocr_line' id='line_1_40' title="bbox 636 2666 1494 2717; baseline 0 -13"><span class='ocrx_word' id='word_1_289' title='bbox 636 2666 731 2717; x_wconf 83' lang='grc' dir='ltr'><em>ἰχθυ</em></span> <span class='ocrx_word' id='word_1_290' title='bbox 749 2673 788 2704; x_wconf 85' lang='grc' dir='ltr'>ἇι</span> <span class='ocrx_word' id='word_1_291' title='bbox 1219 2673 1494 2717; x_wconf 79' lang='grc' dir='ltr'><em>περιμαιμῶσα</em></span> 
     </span>
    </p>
   </div>
   <div class='ocr_carea' id='block_1_17' title="bbox 167 2773 1986 2960">
    <p class='ocr_par' dir='ltr' id='par_1_17' title="bbox 167 2773 1986 2960">
     <span class='ocr_line' id='line_1_41' title="bbox 172 2773 1985 2827; baseline 0.003 -17"><span class='ocrx_word' id='word_1_292' title='bbox 172 2782 281 2821; x_wconf 89' lang='lat' dir='ltr'>quae</span> <span class='ocrx_word' id='word_1_293' title='bbox 325 2773 368 2811; x_wconf 89' lang='lat' dir='ltr'>in</span> <span class='ocrx_word' id='word_1_294' title='bbox 415 2773 738 2822; x_wconf 85' lang='lat' dir='ltr'>exemplaribus</span> <span class='ocrx_word' id='word_1_295' title='bbox 785 2785 918 2814; x_wconf 89' lang='lat' dir='ltr'>manu</span> <span class='ocrx_word' id='word_1_296' title='bbox 965 2776 1142 2824; x_wconf 83' lang='lat' dir='ltr'>scriptis</span> <span class='ocrx_word' id='word_1_297' title='bbox 1188 2776 1328 2825; x_wconf 90' lang='lat' dir='ltr'>prisco</span> <span class='ocrx_word' id='word_1_298' title='bbox 1374 2787 1496 2816; x_wconf 91' lang='lat' dir='ltr'>more</span> <span class='ocrx_word' id='word_1_299' title='bbox 1543 2777 1682 2825; x_wconf 88' lang='lat' dir='ltr'>signis</span> <span class='ocrx_word' id='word_1_300' title='bbox 1727 2779 1895 2827; x_wconf 84' lang='grc' dir='ltr'><em>ιχθυααι</em></span> <span class='ocrx_word' id='word_1_301' title='bbox 1941 2778 1985 2815; x_wconf 91' lang='lat' dir='ltr'>et</span> 
     </span>
     <span class='ocr_line' id='line_1_42' title="bbox 167 2842 1986 2895; baseline 0.003 -17"><span class='ocrx_word' id='word_1_302' title='bbox 167 2851 477 2890; x_wconf 75' lang='grc' dir='ltr'><em>περιμαιμωωσα</em></span> <span class='ocrx_word' id='word_1_303' title='bbox 503 2844 607 2880; x_wconf 74' lang='lat' dir='ltr'>sunt</span> <span class='ocrx_word' id='word_1_304' title='bbox 632 2842 814 2891; x_wconf 77' lang='lat' dir='ltr'>reddita,</span> <span class='ocrx_word' id='word_1_305' title='bbox 844 2846 891 2881; x_wconf 88' lang='lat' dir='ltr'>ut</span> <span class='ocrx_word' id='word_1_306' title='bbox 922 2845 1127 2893; x_wconf 75' lang='grc' dir='ltr'><strong><em>γλαυκαασ</em></strong></span> <span class='ocrx_word' id='word_1_307' title='bbox 1154 2846 1198 2882; x_wconf 76' lang='lat' dir='ltr'>et</span> <span class='ocrx_word' id='word_1_308' title='bbox 1229 2858 1401 2892; x_wconf 86' lang='grc' dir='ltr'><em>υμνωων</em></span> <span class='ocrx_word' id='word_1_309' title='bbox 1430 2848 1471 2883; x_wconf 86' lang='lat' dir='ltr'>et</span> <span class='ocrx_word' id='word_1_310' title='bbox 1499 2847 1725 2895; x_wconf 83' lang='grc' dir='ltr'><em>θιγουουσα</em></span> <span class='ocrx_word' id='word_1_311' title='bbox 1753 2846 1796 2882; x_wconf 76' lang='lat' dir='ltr'>et</span> <span class='ocrx_word' id='word_1_312' title='bbox 1821 2843 1986 2883; x_wconf 83' lang='lat' dir='ltr'>Similia</span> 
     </span>
     <span class='ocr_line' id='line_1_43' title="bbox 170 2908 1986 2960; baseline 0.003 -15"><span class='ocrx_word' id='word_1_313' title='bbox 170 2910 275 2946; x_wconf 89' lang='lat' dir='ltr'>sunt</span> <span class='ocrx_word' id='word_1_314' title='bbox 317 2909 497 2946; x_wconf 85' lang='lat' dir='ltr'>exarata</span> <span class='ocrx_word' id='word_1_315' title='bbox 536 2908 581 2946; x_wconf 91' lang='lat' dir='ltr'>in</span> <span class='ocrx_word' id='word_1_316' title='bbox 623 2910 801 2957; x_wconf 87' lang='lat' dir='ltr'>hymnis</span> <span class='ocrx_word' id='word_1_317' title='bbox 843 2920 974 2958; x_wconf 87' lang='lat' dir='ltr'>supra</span> <span class='ocrx_word' id='word_1_318' title='bbox 1020 2912 1393 2950; x_wconf 86' lang='lat' dir='ltr'>commemoratis.</span> <span class='ocrx_word' id='word_1_319' title='bbox 1435 2913 1523 2950; x_wconf 86' lang='lat' dir='ltr'>Aut</span> <span class='ocrx_word' id='word_1_320' title='bbox 1554 2912 1689 2960; x_wconf 89' lang='lat' dir='ltr'>igitur</span> <span class='ocrx_word' id='word_1_321' title='bbox 1719 2911 1912 2959; x_wconf 90' lang='lat' dir='ltr'>Euripidi</span> <span class='ocrx_word' id='word_1_322' title='bbox 1942 2913 1986 2950; x_wconf 90' lang='lat' dir='ltr'>et</span> 
     </span>
    </p>
   </div>
   <div class='ocr_carea' id='block_1_18' title="bbox 171 3006 312 3011">
    <p class='ocr_par' dir='ltr' id='par_1_18' title="bbox 171 3006 312 3011">
     <span class='ocr_line' id='line_1_44' title="bbox 171 3006 312 3011; baseline 0 0"><span class='ocrx_word' id='word_1_323' title='bbox 171 3006 312 3011; x_wconf 95' lang='lat' dir='ltr'> </span> 
     </span>
    </p>
   </div>
   <div class='ocr_carea' id='block_1_19' title="bbox 316 3007 499 3012">
    <p class='ocr_par' dir='ltr' id='par_1_19' title="bbox 316 3007 499 3012">
     <span class='ocr_line' id='line_1_45' title="bbox 316 3007 499 3012; baseline 0 0"><span class='ocrx_word' id='word_1_324' title='bbox 316 3007 499 3012; x_wconf 95' lang='lat' dir='ltr'> </span> 
     </span>
    </p>
   </div>
   <div class='ocr_carea' id='block_1_20' title="bbox 172 3071 1985 3215">
    <p class='ocr_par' dir='ltr' id='par_1_20' title="bbox 172 3071 1985 3215">
     <span class='ocr_line' id='line_1_46' title="bbox 259 3071 1985 3112; baseline 0.003 -12"><span class='ocrx_word' id='word_1_325' title='bbox 259 3080 279 3100; x_wconf 91' lang='lat' dir='ltr'>a</span> <span class='ocrx_word' id='word_1_326' title='bbox 302 3071 358 3100; x_wconf 82' lang='lat' dir='ltr'>Ar.</span> <span class='ocrx_word' id='word_1_327' title='bbox 382 3072 466 3100; x_wconf 85' lang='lat' dir='ltr'>Bau.</span> <span class='ocrx_word' id='word_1_328' title='bbox 493 3072 577 3101; x_wconf 84' lang='lat'>1314</span> <span class='ocrx_word' id='word_1_329' title='bbox 602 3074 636 3102; x_wconf 87' lang='lat' dir='ltr'>et</span> <span class='ocrx_word' id='word_1_330' title='bbox 661 3073 760 3102; x_wconf 76' lang='lat'>1348.</span> <span class='ocrx_word' id='word_1_331' title='bbox 893 3071 909 3101; x_wconf 85' lang='lat' dir='ltr'>b</span> <span class='ocrx_word' id='word_1_332' title='bbox 933 3073 985 3102; x_wconf 84' lang='lat' dir='ltr'>De</span> <span class='ocrx_word' id='word_1_333' title='bbox 1005 3073 1109 3103; x_wconf 85' lang='lat' dir='ltr'>verbo</span> <span class='ocrx_word' id='word_1_334' title='bbox 1133 3077 1276 3104; x_wconf 67' lang='grc' dir='ltr'>εἱλίσσων</span> <span class='ocrx_word' id='word_1_335' title='bbox 1294 3083 1372 3112; x_wconf 86' lang='lat' dir='ltr'>pag.</span> <span class='ocrx_word' id='word_1_336' title='bbox 1396 3075 1456 3104; x_wconf 91' lang='lat'>151</span> <span class='ocrx_word' id='word_1_337' title='bbox 1470 3074 1503 3104; x_wconf 89' lang='lat' dir='ltr'>b.</span> <span class='ocrx_word' id='word_1_338' title='bbox 1637 3085 1654 3106; x_wconf 85' lang='lat' dir='ltr'>c</span> <span class='ocrx_word' id='word_1_339' title='bbox 1680 3075 1723 3106; x_wconf 84' lang='lat' dir='ltr'>Ut</span> <span class='ocrx_word' id='word_1_340' title='bbox 1742 3077 1985 3107; x_wconf 84' lang='lat' dir='ltr'>Mendelssohn</span> 
     </span>
     <span class='ocr_line' id='line_1_47' title="bbox 172 3122 1985 3166; baseline 0.003 -14"><span class='ocrx_word' id='word_1_341' title='bbox 172 3122 389 3160; x_wconf 85' lang='lat' dir='ltr'>Spinnerlied</span> <span class='ocrx_word' id='word_1_342' title='bbox 420 3123 559 3160; x_wconf 87' lang='lat' dir='ltr'>(Lieder</span> <span class='ocrx_word' id='word_1_343' title='bbox 592 3124 681 3155; x_wconf 88' lang='lat' dir='ltr'>ohne</span> <span class='ocrx_word' id='word_1_344' title='bbox 716 3125 829 3155; x_wconf 64' lang='lat' dir='ltr'>worse</span> <span class='ocrx_word' id='word_1_345' title='bbox 854 3123 912 3165; x_wconf 81' lang='lat'>34)</span> <span class='ocrx_word' id='word_1_346' title='bbox 945 3125 999 3155; x_wconf 85' lang='lat' dir='ltr'>vel</span> <span class='ocrx_word' id='word_1_347' title='bbox 1023 3126 1071 3155; x_wconf 85' lang='lat' dir='ltr'>St.</span> <span class='ocrx_word' id='word_1_348' title='bbox 1102 3126 1208 3155; x_wconf 68' lang='lat' dir='ltr'>Saens</span> <span class='ocrx_word' id='word_1_349' title='bbox 1238 3127 1347 3157; x_wconf 84' lang='lat' dir='ltr'>Rouet</span> <span class='ocrx_word' id='word_1_350' title='bbox 1381 3127 1598 3166; x_wconf 86' lang='lat' dir='ltr'>d&#39;Omphale.</span> <span class='ocrx_word' id='word_1_351' title='bbox 1761 3129 1784 3159; x_wconf 86' lang='lat' dir='ltr'>d</span> <span class='ocrx_word' id='word_1_352' title='bbox 1818 3128 1907 3160; x_wconf 89' lang='lat' dir='ltr'>Prol.</span> <span class='ocrx_word' id='word_1_353' title='bbox 1942 3129 1985 3158; x_wconf 83' lang='lat' dir='ltr'>ad</span> 
     </span>
     <span class='ocr_line' id='line_1_48' title="bbox 172 3174 1202 3215; baseline 0.005 -11"><span class='ocrx_word' id='word_1_354' title='bbox 172 3174 346 3214; x_wconf 81' lang='lat' dir='ltr'>Aristoph.</span> <span class='ocrx_word' id='word_1_355' title='bbox 369 3185 448 3215; x_wconf 84' lang='lat' dir='ltr'>pag.</span> <span class='ocrx_word' id='word_1_356' title='bbox 475 3178 535 3207; x_wconf 84' lang='lat'>138</span> <span class='ocrx_word' id='word_1_357' title='bbox 557 3185 620 3214; x_wconf 69' lang='lat' dir='ltr'>sq„</span> <span class='ocrx_word' id='word_1_358' title='bbox 642 3181 824 3207; x_wconf 85' lang='lat' dir='ltr'>comment.</span> <span class='ocrx_word' id='word_1_359' title='bbox 849 3178 891 3207; x_wconf 89' lang='lat' dir='ltr'>ad</span> <span class='ocrx_word' id='word_1_360' title='bbox 918 3179 973 3208; x_wconf 83' lang='lat' dir='ltr'>Ar.</span> <span class='ocrx_word' id='word_1_361' title='bbox 997 3179 1080 3209; x_wconf 81' lang='lat' dir='ltr'>Ban.</span> <span class='ocrx_word' id='word_1_362' title='bbox 1107 3180 1202 3209; x_wconf 77' lang='lat'>1314.</span> 
     </span>
    </p>
   </div>
  </div>
 </body>
</html>
