2234 3443
279 173 363 210 246
868 183 922 211 DE
953 183 1194 212 Nommssus
1225 183 1512 212 VERBALIBUS.
1935 176 1974 221 [ἓ
2010 175 2092 213 124

393 294 420 347 ἓ
454 294 553 338 124.
598 296 734 345 Saepe
775 295 1018 336 infinitivus
1049 297 1227 336 functus
1259 299 1325 336 est
1357 297 1452 336 vice
1482 297 1697 336 secundae
1729 307 1938 346 personae
1968 293 2095 349 impe—

276 362 451 411 rativia,
486 373 554 402 ex.
587 374 674 411 gr.:

572 428 800 484 νοστήσασ
832 429 881 480 δὴ
912 429 1045 469 ἔπειτα
1075 430 1198 480 φίλην
1229 430 1286 470 εἰσ
1316 430 1487 480 πατρίδα
1517 433 1637 482 γαῖαν

572 497 680 545 σῆμά
710 496 749 535 τέ
778 511 848 549 foa
878 498 1016 550 χεῦαι
1045 496 1112 536 καὶ
1143 496 1205 536 ἐπὶ
1237 496 1374 549 κτέρεα
1404 494 1677 550 κτερεΐξαιό,

275 565 534 613 praesertim
568 564 811 613 praemisso
843 575 945 603 vero
976 565 1250 614 imperativo,
1283 575 1352 604 ex.
1384 576 1470 613 gr.:

570 628 706 683 βάσκ’
736 630 798 669 ἴθι
816 661 823 668 .
842 661 849 668 .
868 662 874 669 .
893 628 1187 685 ἀγορευέμεν’
1218 630 1273 670 ὡσ
1304 630 1487 670 ἐπιτέλλω
1500 638 1528 671 ⁶.

392 697 619 736 Simillimi
649 700 754 737 sunt
783 698 867 738 loci
901 699 972 738 ubi
1003 709 1090 738 non
1116 699 1319 739 iubentes
1345 700 1421 738 sed
1446 700 1636 751 optantes
1657 698 1874 739 infinitivo
1901 702 2094 749 utuntur,

273 765 529 812 praemissis
560 765 788 813 particulis
819 765 861 803 αἲ
891 766 984 818 γάρε

571 828 624 871 αἲ
652 829 758 886 γάρ,
791 835 870 871 Ζεῦ
902 847 941 871 τε
971 832 1093 880 πάτερ
1124 832 1192 872 καὶ
1224 833 1421 871 Ἀθηναίη
1451 831 1517 872 καὶ
1540 832 1750 883 Ἄπολλον,

568 901 690 939 coloe
722 896 810 940 ἐὼν
842 895 929 939 οἶοσ
960 899 1058 951 ἐσσί,
1090 901 1136 939 τά
1165 915 1204 940 τε
1241 899 1440 955 φρονέων
1472 900 1497 939 ἅ
1529 897 1560 939 τ’
1597 899 1670 952 ἐγώ
1702 914 1788 950 περ,

566 966 692 1004 παῖδά
724 963 754 1005 τ’
791 965 892 1017 ἐμὴν
923 963 1088 1021 ἐχέμεν
1120 967 1188 1007 καὶ
1219 967 1314 1019 ε’μὸσ
1344 967 1527 1020 γαμβρὸσ
1558 965 1822 1009 καλέεσθαι

575 1026 676 1071 αὖθι
709 1031 858 1086 μένων
871 1032 901 1073 d.

571 1097 623 1139 αἲ
652 1098 758 1154 γάρ,
791 1104 870 1140 Ζεῦ
902 1116 941 1140 τε
971 1102 1092 1152 πάτερ
1122 1101 1190 1140 καὶ
1222 1102 1421 1140 Ἀθηναίη
1451 1100 1518 1140 καὶ
1541 1100 1776 1152 ’Ἀπολλον,.
1797 1132 1831 1140 ..

568 1169 692 1208 τοῖοσ
719 1164 806 1208 ἐών
837 1183 895 1207 τοι
927 1168 1067 1219 χθιζὸσ
1099 1168 1141 1207 ἐν
1174 1167 1396 1219 ἡμετέροισι
1429 1168 1587 1218 δόμοισι

566 1231 688 1284 τεύχε’
724 1231 843 1288 ἔχων
875 1235 1043 1286 ὤμοισιν
1075 1232 1379 1290 ἐφεστάμεναι
1410 1234 1478 1274 καὶ
1508 1233 1697 1290 ἀμύνειν

567 1299 722 1351 ἅνδρασ
753 1308 1027 1353 μνηστῆρασθ.

390 1367 581 1417 Quorum
622 1369 818 1409 locorum
860 1371 1001 1420 priore
1043 1371 1267 1420 optativus
1307 1370 1444 1422 (ἔχοισ,
1477 1374 1644 1422 καλοῖο),
1673 1372 1914 1421 posteriore
1944 1372 2100 1411 indica-

270 1436 390 1475 tivus
431 1434 673 1486 (ἐφειστήκη,
713 1435 886 1487 ἤμυνον)
918 1439 1076 1478 fuisset
1107 1439 1311 1478 dictionis
1342 1439 1620 1487 recentioris3
1654 1439 1923 1478 discriminis
1955 1441 2100 1478 autem

270 1503 384 1542 inter
416 1503 655 1543 dictionem
683 1505 840 1544 horum
867 1506 1101 1546 verborum
1131 1508 1174 1545 et
1194 1506 1323 1545 modo
1342 1506 1601 1546 allatorum:
1620 1506 1819 1556 νοστήσασ
1837 1536 1844 1544 .
1864 1536 1870 1544 .
1890 1507 2022 1556 ,σῆμά
2041 1536 2047 1543 .
2067 1536 2099 1544 ..

270 1584 340 1622 foc
381 1575 495 1620 χεῦαι
535 1569 609 1608 κτὲ.
651 1572 733 1611 hoc
775 1574 950 1612 tantum
992 1575 1072 1621 est,
1106 1574 1217 1621 quod
1249 1574 1521 1622 praemissae
1553 1576 1656 1612 sunt
1688 1573 1927 1623 particulae
1958 1572 2000 1611 αἲ
2029 1573 2102 1625 γάρ

271 1638 385 1676 Sive:
433 1648 532 1675 nam
577 1634 791 1689 finyamus
837 1636 998 1679 nobisf.
1048 1640 1212 1689 QuibUS
1254 1642 1400 1680 cetera
1439 1647 1741 1690 παρατακτικῶσ
1775 1639 1841 1678 καὶ
1873 1638 2103 1680 ἀσυνδέτωσ

275 1706 379 1744 sunt
411 1705 571 1743 addita.
1424 1742 1435 1753 Ι

388 1773 531 1813 Etiam
579 1769 726 1813 tertiae
771 1785 983 1824 personae
1025 1775 1277 1824 imperativi
1318 1777 1466 1824 partes
1505 1773 1752 1814 infinitivus
1793 1785 2102 1823 nonnunquam

271 1839 378 1879 obiit
392 1855 427 1889 9,
463 1851 531 1882 ex.
564 1852 651 1890 gr.:

1447 1906 1566 1961 fem-¹5
1598 1905 1632 1947 δ’
1670 1907 1801 1947 ἔπειτα

567 1973 704 2025 μητέρι
737 1981 805 2014 σίἷι
836 1975 903 2015 καὶ
935 1975 1037 2027 ε’μὶἷι·
1070 1966 1104 2015 ἦ
1137 1974 1256 2015 δὲ...
1287 1973 1292 2028 Ι
1320 1974 1476 2017 θεῖναι
1507 1973 1625 2014 κτὲ.ἦ.

565 2043 702 2093 τεύχεα
734 2044 915 2083 συλήσασ
946 2042 1098 2094 φερέτω
1130 2043 1270 2082 κοίλασ
1302 2041 1365 2081 ἐπὶ
1399 2048 1518 2093 νῆασ,

566 2115 679 2159 σῶμα
713 2108 755 2148 δὲ
785 2108 949 2163 ,ροίκαιΥ
986 2110 1082 2160 ἐμὸν
1120 2109 1311 2164 δόμεναι
1341 2110 1463 2149 πάλιν
1479 2109 1501 2148 2'.

390 2178 426 2215 Α
460 2173 677 2215 mandatis
710 2181 859 2218 autem
887 2180 1093 2227 quoniam
1122 2180 1174 2218 ad
1195 2189 1338 2230 preces
1363 2178 1508 2218 facilis
1526 2180 1594 2217 est
1610 2179 1840 2227 transitus,
1858 2177 2101 2217 infinitivus

270 2244 475 2283 adiuncto
517 2240 754 2284 accusativo
796 2245 992 2294 partibus
1033 2242 1312 2295 imperativij
1345 2246 1479 2284 etiam
1511 2246 1555 2284 in
1587 2245 1788 2284 versibus
1820 2245 2103 2293 sequentibus

272 2314 339 2349 est
370 2312 569 2351 functus:

568 2373 646 2410 Ζεῦ
677 2371 840 2410 κύδιστε
872 2371 1040 2423 μέγιστε,
1070 2369 1319 2421 κελαινεφέσ,
1350 2369 1486 2420 αἰθέρι
1516 2371 1656 2420 ναίων,

565 2437 619 2487 μὴ
651 2437 746 2488 πρὶν
778 2436 827 2477 ἔτ’
866 2436 1025 2480 ἠέλιον
1068 2438 1198 2480 δῦναι
1227 2437 1295 2477 καὶ
1327 2437 1389 2477 ἐπὶ
1422 2435 1598 2492 κνὲφασ
1631 2435 1806 2492 ἐλθεῖν,
1836 2435 1840 2491 Ι
1870 2437 1964 2489 πρὶν
1980 2437 2098 2477 mest.

571 2508 649 2543 Ζεῦ
681 2506 818 2556 πάτερ,
847 2504 873 2557 ἢ
905 2504 1083 2549 Αἴαντα
1114 2503 1275 2560 λαχεῖν
1308 2504 1333 2557 ἢ
1370 2505 1522 2544 Τυδέοσ
1555 2503 1649 2547 υἱὸν

567 2570 592 2622 ἢ
625 2568 760 2614 αὐτὸν
794 2571 1003 2628 βασιλῆα
1032 2574 1303 2625 πολυχρύσοιο
1337 2575 1548 2612 Μυκηνησ
1562 2571 1584 2610 l.

571 2641 649 2677 Ζεῦ
681 2640 805 2691 ράνα,
836 2638 1118 2695 Τηλέμαχόν
1149 2655 1216 2690 μοι
1247 2639 1289 2679 ἐν
1321 2639 1517 2691 ἀνδράσιν
1549 2638 1706 2695 ὄλβιον
1738 2635 1907 2682 εἶναιηῑ.

389 2705 476 2744 Nec
507 2715 592 2745 non
625 2708 825 2755 proxime
858 2719 882 2747 a
914 2710 1138 2748 mandatis
1169 2709 1335 2748 distant
1366 2705 1554 2747 decreta:

569 2772 738 2826 Τρῶασ
770 2771 901 2813 ἔπειθ’
929 2772 1100 2814 (Ελένην
1131 2773 1198 2813 καὶ
1229 2776 1408 2824 κτήματα
1440 2771 1557 2813 πάντ’
1594 2773 1861 2828 ἀποδοῦναι,

567 2843 688 2890 τιμὴν
722 2838 757 2879 δ’
796 2838 997 2893 Ἀργεῖοισ’
1035 2839 1319 2895 ἀποτινὲμΞν’
1349 2841 1401 2880 {lv
1433 2856 1471 2880 τε
1500 2841 1706 2895 μέροικεπ.

358 2981 376 2999 a
412 2971 514 3001 Locis
549 2971 621 3001 fere
657 2971 828 3008 ducentis,
864 2970 1083 3003 Friedliinder
1119 2974 1268 3004 Ariston.
1307 2975 1358 3004 14.
1504 2972 1520 3003 b
1554 2986 1574 3003 α
1610 2974 1674 3003 290
1706 2982 1756 3011 eq.
1889 2982 1906 3003 c
1930 2976 1957 3002 Β
1983 2974 2000 3002 8
2023 2982 2098 3011 sqq.

403 3023 425 3051 d
460 3036 475 3061 η
501 3024 563 3054 311
591 3033 666 3062 sqq.
800 3033 816 3053 e
850 3037 872 3053 ω
897 3025 960 3054 376
984 3033 1058 3063 eqq.
1193 3027 1217 3062 f
1245 3026 1264 3064 ἓ
1289 3027 1352 3056 326
1378 3024 1431 3056 A¹.
1563 3036 1584 3065 9
1611 3029 1638 3055 Ρ
1664 3027 1725 3056 155
1753 3027 1821 3062 ἴμεν
1844 3033 1911 3056 non
1935 3025 2099 3056 infinitivi

270 3076 322 3103 eet
360 3074 481 3110 forma,
519 3076 578 3105 sed
614 3075 805 3113 indicativi,
829 3076 951 3106 ibimus.
1088 3077 1107 3106 h
1143 3082 1170 3107 Ζ
1196 3080 1237 3109 86
1263 3087 1339 3116 sqq.
1474 3078 1486 3108 i
1510 3081 1545 3108 H
1566 3079 1606 3108 ¹78
1631 3087 1682 3116 sq.
1810 3077 1832 3117 j
1854 3078 1915 3108 Vel
1939 3078 2096 3117 optativi,

270 3134 350 3164 pag.
377 3126 478 3162 2261,
504 3128 566 3157 227
581 3138 609 3156 α.
747 3128 767 3157 k
791 3132 818 3158 Β
843 3130 906 3159 412
934 3138 1009 3167 sqq.
1147 3130 1159 3159 l
1185 3134 1218 3159 H
1242 3131 1304 3160 179
1331 3139 1380 3168 eq.
1516 3141 1543 3159 m
1569 3143 1586 3170 ρ
1612 3131 1687 3160 354.
1822 3140 1842 3159 n
1869 3133 1900 3160 Γ
1920 3131 1983 3161 285
2009 3140 2060 3169 eq.
