2234 3443
980 161 1238 190 PRAEFArio.
1954 150 2008 187 89

186 274 464 324 respondisse
511 272 569 312 ὅτι
620 271 669 327 „7‘1
720 272 792 326 aba(
837 281 915 313 τῶν
956 281 1092 313 κακῶν
1132 271 1348 325 ἔμεινεν,ἡ
1382 271 1424 312 δὲ
1455 279 1532 312 τῶν
1563 271 1733 324 ἀγαθῶν
1766 271 2008 323 ἐξῆλθεν”α.

190 343 376 384 Sosibius
411 344 588 393 quidam
620 344 728 383 haec
760 345 914 392 poetae
947 343 1099 382 verba:

541 410 662 450 ἅλλοσ
693 408 765 460 μὲν
796 409 951 462 μογέων
982 409 1276 459 ἀπεκινήσασκε
1306 407 1503 460 τραπέζκσ

539 480 676 517 πλεῖον
707 476 787 527 ἐόν,
817 476 982 527 Νέστωρ
1016 474 1054 516 δ’
1092 475 1111 515 ὅ
1144 476 1272 528 γέρων
1304 475 1471 528 ἀμογητὶ
1503 472 1637 524 &ezeeh

185 545 375 584 molesta
403 547 539 594 ratus,
572 546 804 585 Nestorem
837 546 953 584 enirn
987 554 1138 584 senem
1172 545 1306 585 Aiace
1339 544 1407 583 vel
1439 542 1608 583 Achille
1639 542 1898 582 validiorem
1925 551 2008 580 non

184 610 335 660 fuisse,
375 612 439 651 ita
475 612 589 651 hanc
620 611 794 663 ἀπορίαν
827 612 1086 661 expediebat
1115 614 1165 650 ut
1197 612 1249 650 ad
1283 611 1548 650 adiectivum
1582 608 1702 648 ἅλλοσ
1732 610 1880 648 11101110
1911 618 2010 656 8110-

183 677 323 726 010101
353 678 683 718 substantivum
714 677 853 731 γέρων.
887 679 1024 728 Quem
1056 678 1283 717 hominem
1316 678 1449 716 nimis
1481 678 1659 715 acutum
1684 675 2009 724 Philadelphus,

183 745 256 793 qui
287 745 482 785 Philetas
514 746 809 794 Zenodotique
850 746 932 785 fuit
965 745 1219 794 discipulus,
1253 744 1437 784 ludibrio
1470 744 1624 782 habuit
1654 741 1709 781 ὥσ
1741 741 2011 792 ἀπροσδιονύ-

185 815 288 850 cova
313 812 450 852 λύσεισ
479 814 862 864 πραγματευόμενοι]
875 821 903 853 0.
937 813 994 852 At
1026 813 1162 852 nihilo
1195 812 1442 861 graviorem
1475 811 1776 860 quaestionem
1809 811 1903 858 ipse
1934 819 2012 848 rex

183 878 402 928 Eueryetes
443 877 660 920 Secundus
702 881 953 920 coniectura
994 880 1201 929 expedire
1242 882 1311 919 est
1354 881 1557 927 conatus;
1592 889 1695 918 nam
1739 887 1838 917 cum
1871 876 2010 915 violas

184 946 280 995 apio
321 947 605 986 intermixtas
635 950 764 996 poeta
795 949 1191 987 commemorasset
1222 948 1266 985 in
1300 949 1424 995 prato
1455 946 1618 994 irriguo
1651 940 1900 994 1101011108θ,
1932 953 2011 983 rex

183 1013 495 1063 intempestive
541 1015 694 1054 doctus
736 1025 822 1054 una
868 1014 1064 1053 litterula
1106 1014 1255 1053 addita
1290 1013 1418 1052 violis
1450 1012 1681 1052 substituit
1711 1011 1799 1049 σίον
1830 1011 2010 1050 herbam

182 1080 437 1130 palustrem,
470 1080 534 1120 ἴον
565 1083 683 1121 0111111
715 1083 759 1122 111
791 1083 879 1131 apii
907 1082 1068 1121 vicinia
1094 1091 1289 1121 crescere
1316 1091 1401 1120 non
1433 1080 1670 1129 potuissee.
1704 1078 1839 1118 Multa
1865 1078 2009 1117 huius·

184 1149 303 1188 modi
333 1148 608 1197 problemata
643 1150 840 1188 servavit
875 1147 1175 1198 Plutarchuss,
1219 1148 1361 1187 multa
1393 1147 1569 1189 saeculo
1602 1146 1804 1194 sequenti
1836 1145 2010 1194 collegit

181 1212 462 1265 Porphyrius,
497 1227 519 1255 e
551 1218 675 1256 cuius
707 1227 835 1265 opere
868 1218 910 1256 in
943 1216 1113 1256 scholia
1144 1218 1247 1255 sunt
1283 1217 1507 1264 10000109.

301 1284 442 1323 Sanae
474 1284 637 1323 mentis
670 1284 923 1323 hominibus
954 1285 1104 1333 inepta
1137 1283 1399 1322 videbantur
1431 1282 1539 1321 talia
1565 1282 1601 1320 si
1626 1281 1707 1320 ioci
1726 1290 1858 1319 causa
1875 1279 2016 1334 profe-⁴

183 1351 405 1400 rebantur,
462 1352 499 1390 si
550 1362 652 1390 vero
708 1353 836 1400 serio,
894 1352 1096 1391 absurda.
1150 1352 1330 1390 Penitus
1376 1351 1485 1389 haec
1530 1348 1677 1388 studia
1724 1350 2011 1387 contemnens

188 1418 374 1458 Tiberius
414 1419 616 1467 princeps
657 1419 883 1457 Romanus
924 1419 1240 1467 grammaticos
1282 1416 1612 1466 quaestionibus
1654 1414 1850 1454 ridiculis
1880 1423 2011 1463 saepe

184 1488 253 1525 est
283 1488 494 1536 expertus
507 1483 539 1535 ἢ,
573 1489 617 1525 01
648 1485 904 1525 Hadrianus
936 1487 1218 1534 quaestiones
1250 1486 1302 1524 ab
1328 1486 1422 1534 ipso
1454 1485 1498 1523 in
1531 1494 1685 1522 museo
1712 1482 2011 1522 Alexandrino

183 1553 504 1602 professoribus
549 1554 796 1603 propositas
838 1563 970 1602 quam
1011 1554 1125 1592 serio
1158 1549 1439 1592 dissolveriti
1469 1551 1596 1591 facile
1629 1551 1754 1590 nobis
1787 1548 2009 1597 fingimus,

186 1630 286 1660 cum
313 1621 573 1670 praesertim
603 1621 784 1661 Homeri
812 1622 1008 1661 carmina
1033 1621 1287 1659 Hadrianus
1313 1614 1639 1668 vilipenderitj;
1666 1618 1741 1656 vix
1773 1619 1921 1655 autem
1945 1618 2012 1654 est

184 1688 299 1735 quod
345 1689 625 1737 indignemur
671 1699 825 1738 parum
868 1689 907 1727 ei
947 1688 1167 1737 placuisse
1210 1690 1384 1736 poetam
1428 1687 1490 1725 ita
1523 1680 1839 1734 explicatumk,
1873 1692 2013 1730 neque

185 1755 348 1794 mirum
394 1757 540 1804 potest
588 1756 725 1795 videri
772 1755 927 1795 multis
975 1755 1221 1804 despicatui
1267 1755 1405 1794 fuisse
1446 1752 1632 1803 περίεργα
1671 1750 1780 1802 γένη,
1820 1749 2014 1801 ριζώρυχα

184 1822 343 1872 μούσησ
383 1820 632 1873 ἀλλοτρίησῖ,
671 1823 829 1872 quibus
871 1823 979 1861 Ilias
1021 1826 1141 1861 esset
1179 1821 1295 1871 λίμου
1334 1822 1550 1871 φάρμακον
1564 1829 1604 1859 ⁷²².
1639 1820 1784 1858 Etiam
1818 1817 2012 1867 Vergilii,

185 1888 367 1928 Homeri
421 1889 621 1938 Romani,
681 1890 877 1928 carmina
934 1889 1166 1928 inutilibus
1213 1888 1561 1937 quaestiunculis
1607 1889 1711 1925 sunt
1756 1886 1923 1934 obruta,
1972 1887 2014 1923 et

185 1956 382 1996 eruditus
422 1956 461 1994 is
493 1956 672 1995 demum
705 1956 968 2004 quibusdam
1003 1955 1232 1995 videbatur
1264 1956 1337 2003 qui
1372 1955 1511 2004 „forte
1543 1956 1736 2002 rogatus,
1770 1952 1873 1990 dum
1905 1952 2015 2000 petit

188 2023 291 2072 „aut
332 2022 545 2062 Thermas
588 2026 663 2062 aut
704 2023 866 2062 Phoebi
910 2023 1108 2072 balnea”,
1158 2023 1301 2062 dicere
1339 2024 1491 2071 posset
1532 2030 1670 2060 annos
1716 2020 1902 2058 Acestae
1944 2018 2013 2057 vel

183 2091 402 2129 nutricem
435 2090 656 2130 Anchisae
689 2091 757 2130 vel
790 2101 952 2130 nomen
985 2091 1260 2139 patriamque
1291 2099 1506 2129 novercae
1540 2086 1840 2127 Anchemolin.

304 2157 556 2206 Numquam
597 2161 747 2197 tamen
791 2159 967 2198 defuere
1009 2159 1082 2207 qui
1124 2159 1326 2197 tenerent
1359 2158 1402 2196 id
1434 2156 1547 2205 quod
1580 2156 1689 2194 artis
1720 2164 1825 2193 suae
1858 2154 2011 2202 princi-

186 2225 307 2275 pium
363 2226 562 2265 fecerunt
631 2226 948 2265 Eratosthenes
995 2227 1038 2265 et
1085 2225 1391 2264 Aristarchus:
1440 2226 1594 2273 poetas
1641 2223 1786 2271 epicos
1833 2231 1918 2260 non
1965 2226 2014 2260 ut

187 2293 374 2332 docerent
405 2293 609 2333 homines
642 2294 838 2333 carmina
871 2293 1131 2341 condidisse,
1170 2293 1246 2331 sed
1279 2294 1329 2331 ut
1361 2302 1436 2331 eos
1468 2291 1723 2338 delectarent,
1759 2290 1802 2328 et
1834 2298 1887 2328 ex
1919 2289 2012 2337 ipso

187 2360 468 2409 potissimum
501 2360 693 2400 Homero
728 2361 969 2400 Homerum
1004 2370 1100 2398 esse
1132 2359 1533 2408 interpretandum.

281 2542 301 2562 a
323 2532 436 2564 Procl.
461 2531 505 2561 ad
528 2531 609 2561 Hes.
633 2531 695 2569 Op.
720 2531 773 2566 97,
796 2530 907 2560 Lehrs
930 2530 979 2559 l.l.
1004 2531 1079 2559 200.
1282 2528 1297 2558 b
1320 2531 1348 2557 A
1375 2530 1438 2558 636
1464 2537 1515 2566 sq.
1724 2536 1740 2556 c
1757 2526 1880 2556 Athen.
1905 2525 1969 2554 493
1983 2523 2014 2554 d.

326 2585 349 2616 d
369 2598 382 2615 ε
397 2585 450 2616 72.
582 2594 599 2614 e
623 2584 748 2615 Athen.
763 2585 802 2614 61
818 2594 843 2614 c.
979 2583 1003 2620 f
1021 2583 1062 2613 In
1082 2581 1353 2619 Quaestionibus
1374 2580 1636 2615 Convivalibus;
1657 2581 1698 2610 de
1724 2577 1888 2610 adverbio
1912 2583 2016 2607 κακῶσ

193 2640 227 2668 Α
251 2639 292 2668 25
316 2637 407 2668 idem
432 2639 518 2669 Mor.
547 2638 586 2668 19
601 2636 627 2672 b,
654 2637 764 2667 Lehrs
793 2634 987 2666 Aristareh²
1012 2638 1075 2666 213
1101 2645 1152 2672 sq.
1283 2646 1304 2675 q
1330 2636 1380 2665 Ex
1401 2644 1451 2672 gr.
1476 2634 1519 2664 ad
1537 2636 1573 2666 Ξ
1590 2635 1653 2663 216
1680 2636 1714 2662 Χ
1733 2634 1785 2668 38,
1806 2633 1882 2666 406,
1905 2630 2014 2660 Lehrs

191 2691 240 2721 1.1.
255 2692 329 2721 199.
463 2689 483 2720 h
503 2691 598 2722 Suet.
612 2688 688 2719 Tib.
704 2690 756 2719 70.
881 2689 894 2718 i
912 2689 1082 2727 Spartian.
1096 2687 1261 2718 Hadrian.
1275 2689 1327 2717 20.
1452 2686 1475 2726 j
1488 2685 1731 2716 Antimachum
1744 2684 1905 2713 videlicet
1920 2680 2017 2711 Colo-

190 2741 357 2780 phonium
383 2743 414 2773 ei
436 2741 671 2781 praeferebat,
694 2741 794 2771 Dion.
823 2740 917 2770 Cass.
940 2740 1048 2770 LXIX
1069 2742 1099 2769 4.
1122 2740 1173 2770 Cf.
1197 2739 1360 2776 Quinctil.
1384 2739 1413 2770 X
1437 2741 1451 2769 1
1469 2739 1485 2776 ξ
1506 2739 1558 2767 53.
1722 2735 1741 2765 k
1764 2735 1860 2765 Idem
1883 2732 2011 2763 dietum

191 2796 266 2824 esto
301 2794 343 2825 de
374 2793 554 2824 Parthenio
583 2792 655 2827 illo,
687 2794 747 2831 qui
776 2794 874 2831 πηλὸν
900 2793 1080 2822 Ὀδύσσειαν
1104 2793 1155 2822 καὶ
1179 2794 1277 2831 βάτον
1297 2791 1422 2821 Ἰλιάδα
1447 2790 1544 2825 dixit,
1571 2788 1708 2818 Anthol.
1733 2787 1859 2818 Jacobs
1883 2786 1936 2816 III
1963 2787 2014 2816 12.

191 2845 365 2887 Philippus
397 2848 514 2878 autem
549 2848 652 2885 poeta
686 2847 794 2884 epigr.
830 2846 871 2875 43
903 2854 954 2883 sq.
990 2845 1067 2874 risit
1100 2845 1280 2883 Ζηνοδότου
1312 2846 1482 2878 σκύλακασ,
1517 2842 1713 2875 συνδεσμοὺσ
1747 2841 1939 2878 captantes,
1973 2838 2014 2868 de

191 2900 393 2931 vocularum
425 2912 478 2936 μιν
506 2901 539 2929 et
562 2910 636 2939 σφιν
659 2898 856 2928 discrimine
881 2898 1110 2936 disputantes,
1135 2914 1177 2919 —
1200 2898 1332 2927 utinam
1357 2898 1451 2925 recte
1478 2903 1614 2932 semper
1637 2893 1679 2923 de
1701 2891 1746 2922 iis
1768 2892 2016 2930 disputassent,

194 2951 213 2990 ξ
247 2952 306 2982 92!
338 2969 380 2975 —
411 2954 439 2982 εἰ
467 2954 565 2982 κύνασ
595 2947 660 2989 εἶχε
692 2953 834 2988 Κύκλωψ
864 2948 1082 2987 inquirentes
1108 2954 1250 2988 propter
1274 2949 1354 2979 Eur.
1381 2948 1472 2986 Cycl.
1499 2948 1572 2977 130.
1596 2946 1705 2976 Multo
1729 2945 1844 2975 minus
1866 2945 1900 2974 in
1925 2944 2014 2973 hanc

195 3006 330 3043 partem
361 3007 553 3044 peccarunt
582 3004 805 3040 Aristarchei,
828 3002 921 3033 haud
942 3011 1115 3040 quaquam
1139 3003 1235 3040 digni
1260 3002 1318 3039 qui
1343 3001 1384 3031 ab
1408 3000 1579 3030 Herodico
1605 2999 1765 3029 Crateteo
1791 2997 1840 3027 sic
1864 2996 2015 3034 compel-

196 3056 366 3087 larentur:
392 3057 510 3096 ‹pnuyai'
536 3059 766 3097 Ἀρισταρχεῖοι
789 3056 834 3085 ὄπ’
863 3055 952 3096 εὐρέα
976 3061 1056 3085 νῶτα
1080 3057 1250 3093 θαλάσσησ
1275 3056 1346 3089 xri„
1372 3053 1495 3083 Athen.
1523 3053 1586 3082 222
1600 3062 1630 3081 a.
1796 3049 1809 3079 l
1830 3049 2015 3086 Antiphan.

197 3110 307 3148 epigr.
323 3110 340 3139 5
355 3109 492 3139 Anthol.
506 3109 634 3140 Jacobs
646 3108 679 3138 11
696 3109 770 3139 189.
895 3117 923 3137 m
935 3106 1078 3138 Lueian.
1093 3107 1200 3145 epigr.
1215 3106 1296 3136 ibid.
1310 3103 1363 3136 ΙΙΙ
1378 3106 1430 3135 23.
1559 3114 1579 3133 n
1591 3103 1748 3133 Iuvenal.
1762 3102 1825 3132 VII
1840 3102 1903 3131 229
1918 3109 1993 3139 sqq.
