2234 3443
279 210 362 248 2222
522 217 576 245 DE
606 215 820 245 anxmun
851 215 1087 243 VERBORUM
1118 214 1468 243 onsnnvssronns
1499 213 1765 243 GENERALES.
1830 205 1869 250 [ἓ
1891 203 2091 252 107,108

277 333 384 371 alias
428 342 528 370 sane
566 331 698 379 potuit
737 326 831 379 fieri
872 331 915 367 ut
955 328 1121 377 sequius
1155 338 1396 376 puynarem
1409 335 1440 376 a,
1474 327 1544 366 vel
1573 328 1768 375 ynomiea
1798 337 1908 375 quae
1939 327 2095 366 dicitur

278 401 454 438 notione
486 399 647 436 aoristo
674 397 860 435 tributa:

577 461 739 516 μέλλει
771 462 842 512 μέν
873 461 979 500 ποθί
1006 473 1066 499 τισ
1097 460 1163 499 καὶ
1195 461 1381 510 φίλτερον
1412 459 1532 498 ἅλλοσ
1563 458 1755 501 ὀλέσσαι

279 536 376 572 eunt
406 543 506 580 quos
532 533 672 580 falum
703 531 828 569 eliam
858 529 1142 568 inclementius
1170 529 1401 577 spoliaverit
1415 526 1442 567 b.

400 667 614 705 Praesens
656 666 803 703 autem
847 662 974 712 μέλλει
1010 658 1111 701 εἶναι
1143 663 1347 710 quoniam
1378 663 1421 701 id
1454 663 1566 710 quod
1598 662 1785 700 credibile
1816 663 1909 701 sive
1941 672 2100 701 consen-

281 737 450 772 taneum
482 736 536 771 est
567 731 854 780 significabat,
887 732 1173 780 imperfectum
1205 729 1360 777 ἔμελλεν
1392 725 1495 767 εἶναι
1525 730 1567 768 id
1595 729 1769 768 valebat
1786 730 1898 778 quod
1916 729 2103 769 credibile

283 802 378 839 sive
410 803 732 839 consentaneum
763 802 877 838 erat:

579 863 763 919 ’μέλλεν
796 865 867 915 μέν
893 880 986 903 ποτε
1016 868 1161 918 ροῑκοσ
1193 861 1251 902 ὅὸ’
1290 862 1460 912 ἁφνειὸσ
1489 862 1557 902 καὶ
1587 862 1756 914 ἀμύμων
1784 861 1790 913 Ι
1819 860 2016 917 ἔμμεναι

277 935 359 984 fuit
391 944 486 972 cum
518 932 665 982 opibus
695 933 868 982 affluere
897 934 973 971 hae
1002 933 1120 971 aedes
1150 932 1282 970 videri
1309 934 1510 980 possentc.

578 1000 645 1037 καὶ
675 1001 749 1051 γὰρ
781 999 856 1052 ἐγώ
888 997 973 1038 ποτ’
1011 996 1209 1052 ἔμελλον
1242 998 1283 1036 ἐν
1317 998 1512 1049 ἀνδράσιν
1544 997 1681 1049 ὅλβιοσ
1712 992 1829 1038 εἶναι

284 1079 354 1118 eyo
387 1078 547 1116 quoque
579 1067 719 1107 beatus
749 1068 980 1115 aliquando
1007 1067 1128 1115 potui
1156 1066 1300 1105 haberi
1311 1063 1344 1106 d.

404 1135 558 1174 Futura·
598 1136 746 1173 autem
791 1134 1036 1173 infinitivus
1077 1133 1332 1182 imperfecto
1364 1133 1622 1172 adiunctuse
1650 1132 1869 1171 indicabat
1900 1142 1970 1171 res
2000 1141 2110 1180 quae

286 1203 516 1251 aliquando
563 1203 767 1250 poterant
812 1198 1070 1251 expectaris
1076 1213 1085 1249 ;
1134 1202 1175 1239 id
1215 1201 1349 1249 igitur
1381 1200 1555 1239 valebat
1595 1199 1755 1249 ἔμελλον
1782 1199 1965 1249 ποιήσειν
1996 1200 2108 1248 quod

281 1271 474 1319 facturus
505 1280 623 1308 eram
655 1269 748 1308 vel:
779 1270 825 1307 in
851 1270 954 1318 fatis
984 1271 1071 1307 erat
1102 1272 1147 1306 ut
1173 1268 1369 1316 facerem,
1403 1278 1472 1306 ex.
1504 1278 1590 1315 gr.:

585 1332 675 1374 οὐδ’
710 1332 773 1386 ἄρ’
810 1332 970 1388 ἔμελλ’
1001 1334 1174 1385 ἑτάροισι
1205 1333 1352 1384 φανεὶσ
1384 1333 1586 1384 ἐρατεινὸσ
1618 1330 1857 1374 ἐ’σεΰθαιθ.

405 1405 455 1443 In
488 1414 617 1443 versu
651 1404 723 1451 qui
755 1404 973 1451 sequitur:

583 1470 717 1520 ἔμελλε
745 1471 750 1521 1
779 1469 848 1523 foi
878 1470 1003 1509 αὐτῶι
1033 1469 1215 1508 θάνατόν
1247 1483 1285 1507 τε
1315 1468 1440 1508 κακὸν
1471 1467 1538 1507 καὶ
1568 1474 1672 1514 κῆρα
1701 1465 1915 1506 λιτέσθαιᾶ

288 1540 371 1588 leg.
419 1539 616 1578 futurum
663 1538 847 1576 λίσεσθαι
890 1548 967 1587 pro
1015 1539 1178 1577 aoristo
1218 1537 1363 1576 malae
1404 1534 1560 1576 notaei
1601 1539 1644 1575 et
1674 1537 1775 1575 hinc
1805 1536 1960 1585 alieno,
1993 1538 2038 1575 et
2067 1536 2111 1574 in

290 1607 470 1647 Hesiodi
502 1607 583 1646 hoc
616 1617 768 1645 versu:

586 1670 726 1712 ὁππότ’
760 1669 822 1724 ἄρ’
859 1671 1076 1712 ὁπλότατον
1107 1672 1263 1710 παίδων
1295 1670 1435 1721 ἤμελλε
1465 1668 1675 1724 τεκέσθαιζ

289 1742 373 1790 leg.
421 1742 605 1789 τέξεσθαι
650 1739 824 1791 ἔμελλεῖί,
873 1743 923 1780 ut
962 1741 1045 1780 duo
1085 1740 1218 1779 simul
1248 1740 1560 1778 removeantur
1591 1735 1737 1777 vitial.
1770 1738 1916 1785 Neque
1947 1738 2118 1785 integra

291 1812 397 1849 sunt
428 1810 586 1849 verba:
618 1808 780 1855 ἔμελλον
800 1838 806 1846 .
826 1838 833 1846 .
853 1838 860 1846 .
877 1808 1058 1859 εἴρεσθαι
1071 1816 1112 1857 Μ,
1134 1803 1295 1857 ’μέλλον
1314 1836 1321 1843 .
1339 1837 1346 1843 .
1366 1836 1372 1843 .
1391 1804 1594 1855 ἐπαμῦναι
1607 1813 1640 1855 ⁷2,
1664 1804 1821 1855 ἕμελλεσ
1839 1835 1846 1842 .
1864 1834 1872 1843 .
1893 1833 1900 1840 .
1917 1803 2078 1854 ἔδμεναι
2089 1811 2118 1841 ⁰.

417 1939 442 1991 5
475 1941 574 1984 108.
616 1943 837 1990 Frequens
869 1944 912 1981 et
942 1942 1092 1981 varius
1123 1942 1167 1980 in
1199 1942 1320 1989 epica
1350 1940 1471 1990 poesi
1500 1939 1584 1979 fuit
1614 1948 1721 1977 usus
1751 1938 2012 1987 subitaneam,
2043 1937 2118 1986 qui

297 2012 449 2059 postea
495 2011 728 2049 artioribus
775 2010 943 2049 sensim
984 2008 1143 2048 finibus
1185 2011 1253 2048 est
1295 2007 1525 2057 cohibitus,
1566 2007 1669 2046 dum
1695 2006 1835 2054 futuri
1863 2006 1962 2045 inde
1993 2005 2117 2044 nati?

298 2077 538 2125 augebatur
567 2078 825 2117 dominium.

388 2217 408 2236 a
431 2211 461 2236 Ν
485 2208 561 2243 777,
583 2208 626 2238 ·ik
653 2208 708 2238 καί
727 2209 819 2239 zelcer
841 2207 901 2238 wel
920 2217 992 2238 eens
1013 2216 1104 2247 erqer
1122 2206 1235 2236 hebben
1256 2205 1414 2245 yedraald
1435 2205 1468 2235 in
1491 2204 1552 2235 den
1573 2203 1666 2244 ἔνι-79.
1690 2201 1805 2233 Ceteri
1827 2201 1896 2233 loci
1919 2204 2000 2232 sunt
2023 2204 2058 2230 Φ
2076 2202 2115 2231 83

300 2260 317 2288 δ
343 2260 405 2289 377
432 2260 446 2294 ξ
477 2262 538 2290 133
563 2273 585 2299 χ
611 2262 674 2291 322
699 2260 777 2299 (ubi
799 2261 938 2291 insolita
964 2263 1016 2290 est
1039 2260 1151 2289 forma
1173 2259 1334 2288 infinitivi
1357 2260 1518 2298 ἀρήμεναι,
1539 2258 1555 2293 ξ
1582 2257 1670 2291 195).
1805 2254 1821 2284 b
1844 2255 1942 2292 5246,
1953 2263 2008 2284 een
2020 2252 2119 2283 ander

299 2311 354 2341 :al
374 2313 434 2342 wel
449 2322 520 2343 eens
543 2323 599 2343 een
618 2313 670 2343 die
694 2313 763 2343 hem
787 2323 846 2353 noy
871 2313 971 2343 nader
991 2314 1081 2343 staat
1103 2311 1269 2342 verliezen.
1291 2312 1380 2342 Item
1404 2314 1431 2340 Σ
1448 2311 1512 2340 362
1538 2312 1572 2339 et
1595 2308 1759 2339 Herodot.
1783 2307 1817 2338 II
1841 2308 1895 2344 48,
1917 2308 1980 2337 150
1999 2306 2116 2336 V1123

301 2365 382 2395 VIII
419 2367 448 2399 6,
485 2368 526 2396 86
557 2367 603 2396 IX
640 2368 714 2397 116.
849 2375 866 2396 c
901 2379 920 2396 α
956 2367 1032 2402 232,
1066 2364 1117 2395 dit
1151 2363 1224 2394 hm‘s
1258 2363 1320 2394 kon
1355 2362 1487 2402 eertzjds
1515 2372 1590 2392 σοον
1624 2361 1689 2401 rzjlc
1721 2371 1759 2391 en
1794 2358 1974 2390 welvarend
1991 2358 2118 2399 yelden.

433 2417 455 2447 d
488 2430 506 2447 σ
545 2420 619 2456 138,
652 2419 712 2449 ook
746 2419 780 2448 ik
810 2419 872 2449 leon
901 2418 1046 2449 eenmaal
1065 2427 1120 2448 een
1142 2416 1324 2447 welvarend
1344 2426 1416 2445 man
1440 2415 1559 2445 heeten.
1693 2424 1709 2443 e
1732 2414 1848 2444 Errori
1871 2413 2019 2443 debetur
2041 2412 2064 2442 1.
2089 2420 2118 2440 a.

301 2474 440 2500 -σασθαι
473 2480 535 2509 pro
570 2476 700 2501 -σεσθαι
738 2474 768 2501 ψ
792 2473 855 2502 773
887 2484 904 2513 ρ
932 2473 995 2502 413
1028 2471 1108 2501 Hes.
1134 2470 1220 2508 clip.
1247 2470 1320 2499 127.
1347 2469 1514 2499 Futurum
1539 2470 1592 2498 est
1616 2470 1784 2496 λίσσεσθαι
1813 2468 1845 2496 K
1867 2467 1931 2495 454
1955 2463 1988 2504 (ξ
2013 2465 2120 2501 220¹),

303 2524 410 2552 futuri
439 2524 545 2553 instar
575 2523 643 2553 fuit
675 2525 803 2554 νέεσθαι
836 2527 851 2560 ζ
882 2526 944 2555 110
975 2524 1007 2562 (ξ
1032 2522 1124 2564 292).
1249 2522 1280 2563 f
1304 2520 1387 2552 Cum
1418 2530 1474 2551 res
1503 2529 1591 2559 quae
1623 2520 1701 2549 dein
1726 2523 1759 2549 et
1782 2522 1944 2558 peractae
1966 2520 2047 2548 sunt
2070 2517 2120 2546 sic

301 2575 554 2612 indicabantur,
585 2581 613 2606 Z
641 2579 705 2607 393
737 2578 791 2614 aL,
816 2581 888 2607 tum
914 2587 1003 2616 quae
1027 2580 1152 2607 eventu
1176 2578 1371 2611 caruerunt,
1395 2579 1423 2604 Z
1447 2575 1488 2604 52
1513 2583 1564 2611 sq.
1589 2573 1632 2602 al.
1763 2582 1785 2611 y
1813 2585 1822 2601 ι
1846 2572 1921 2602 230.
1947 2568 2122 2607 Frequens

303 2629 396 2668 apud
419 2630 606 2659 Homerum
631 2630 717 2659 haee
741 2633 926 2660 structura.
1063 2629 1083 2659 Ιι
1107 2634 1142 2660 Π
1163 2632 1204 2659 46
1229 2638 1280 2667 sq.
1416 2627 1428 2657 i
1457 2628 1615 2657 Aoristus
1639 2626 1782 2655 λιτέσθαι
1805 2633 1872 2654 non
1895 2622 1964 2652 nisi
1985 2622 2018 2652 h.
2039 2622 2062 2651 1.
2087 2624 2122 2651 et

303 2682 318 2716 ξ
343 2683 406 2712 406
430 2685 493 2712 Δία
516 2685 679 2722 Κρονίωνα
702 2686 850 2720 λιτοίμην,
872 2683 933 2712 ubi
954 2685 1046 2713 reete
1071 2683 1092 2712 l.
1117 2692 1146 2712 8..
1172 2681 1320 2722 Κρονίου)
1346 2682 1515 2718 ἀλιτοίμην,
1541 2682 1579 2709 ut
1604 2679 1635 2708 Ω
1661 2679 1724 2708 570
1751 2678 1813 2713 al.;
1833 2685 1908 2706 nam
1923 2675 2121 2705 indictione

304 2737 403 2774 epica
438 2736 472 2765 τὸ
507 2739 674 2765 λίσσεσθαι
709 2736 739 2772 (5
771 2734 867 2775 220¹)
896 2736 1003 2766 fiebat
1023 2737 1113 2765 inter
1134 2745 1238 2775 pares,
1262 2735 1438 2764 bominum
1462 2734 1568 2771 igitur
1591 2733 1665 2761 erat
1685 2733 1853 2760 λίσσεσθαι
1876 2727 2045 2763 homines,
2067 2725 2121 2756 uis

302 2797 383 2818 vero
402 2788 556 2827 εὔχεσθαι
579 2787 652 2818 sive
675 2782 843 2828 ἆράεσθαι.
867 2786 1004 2817 Posteri
1027 2797 1108 2818 vero
1129 2786 1286 2827 precandi
1308 2787 1481 2816 notionem
1504 2785 1609 2815 latius
1632 2786 1811 2822 patentem
1835 2780 1916 2811 huic
1935 2780 2040 2810 verbo
2063 2779 2123 2808 tri-

304 2842 470 2871 buerunt:
504 2841 537 2871 h.
574 2842 655 2871 Ven.
688 2842 750 2871 185
772 2839 870 2870 Pind.
893 2839 944 2870 Ol.
969 2840 1032 2869 XII
1061 2843 1074 2869 1
1103 2840 1265 2877 Bacchyl.
1289 2840 1315 2869 V
1342 2840 1403 2869 100
1428 2837 1591 2868 Herodot.
1617 2837 1663 2866 VI
1688 2837 1727 2866 61
1753 2836 1808 2871 al„
1832 2838 1867 2864 et
1889 2834 1938 2863 sio
1962 2833 1994 2862 in
2019 2840 2122 2861 versu

303 2893 423 2932 spurio
447 2899 465 2924 1
488 2896 563 2925 501.
584 2895 782 2925 Transitum
805 2893 958 2923 indicant
980 2896 1183 2922 πολιιλλιστοσ
1206 2895 1240 2922 et
1262 2895 1446 2932 τρίλλιστοσ.
1544 2889 1566 2929 j
1588 2890 1670 2920 Hes.
1695 2888 1824 2925 Theog.
1849 2886 1924 2916 478.
2035 2884 2055 2913 lc
2078 2884 2123 2914 Ut

306 2954 354 2975 vs.
381 2948 457 2983 468,
482 2948 558 2977 898.
694 2945 708 2975 l
734 2945 753 2984 ξ
780 2946 856 2975 182.
990 2955 1016 2973 m
1048 2956 1063 2973 τ
1096 2946 1136 2974 94
1165 2953 1228 2982 sq„
1256 2944 1322 2981 leg.
1343 2944 1497 2984 ἐρέεσθαι,
1522 2942 1676 2972 futurum
1700 2940 1783 2970 alibi
1808 2947 1875 2969 non
1897 2938 2037 2973 lectum,
2060 2936 2122 2966 sed

308 2999 371 3028 rite
395 2999 592 3030 formatum.
737 3010 757 3028 n
781 3002 807 3028 Σ
828 2999 882 3034 98,
905 2998 971 3034 leg.
995 2999 1337 3032 la&2‹5›1...3ndssmsa.
1483 3004 1500 3025 o
1525 3007 1534 3024 ι
1557 2994 1634 3030 4¹15,
1657 2993 1723 3030 leg.
1747 2990 1918 3030 felou‘un’,
1941 2992 1981 3019 ut
2003 3001 2025 3026 μ
2047 2990 2122 3019 210.

436 3062 458 3090 p
482 3052 542 3081 Ex.
567 3061 616 3089 gr.
640 3061 694 3082 ero
715 3050 796 3092 (eso)
815 3063 849 3075 =
866 3051 913 3085 ἴω,
939 3048 1231 3086 υὶιίενοεμιδέω.
1255 3047 1356 3079 Notio
1381 3046 1492 3083 futuri
1515 3057 1534 3076 a
1556 3045 1751 3076 subiunctioi
1775 3044 1912 3074 notione
1936 3040 2124 3080 perexiauo

309 3103 415 3132 distat
443 3104 568 3141 spatio,
593 3105 755 3141 quoniam
786 3104 883 3132 πολλὰ
914 3101 1027 3139 μεταξὺ
1053 3102 1135 3130 πέλει
1159 3105 1285 3131 κύλικοσ
1308 3102 1357 3130 καὶ
1383 3103 1503 3138 χιίλεοσ
1527 3099 1640 3138 ἂκρου;
1665 3097 1701 3126 in
1724 3096 1830 3126 rebus
1854 3103 1943 3133 quae
1966 3096 2125 3124 eventum

309 3155 460 3185 nondum
481 3156 619 3191 habent,
643 3157 766 3185 incerti
791 3155 874 3193 quid
898 3159 951 3184 est
974 3162 1122 3192 semper.
