2234 3443
275 185 359 224 384
928 196 982 224 nn
1014 196 1449 228 PRAEPosmmmnus.
1804 192 1843 237 [5
1876 191 1976 241 316,
2010 192 2096 230 317

389 301 621 340 Praeterea
664 302 954 341 circumeundi
999 303 1119 341 notio
1161 303 1388 352 primitiva
1429 303 1574 342 effecit
1614 305 1664 342 ut
1694 303 1786 354 περί
1813 305 1855 344 id
1887 306 2000 354 quod
2031 309 2098 346 est

272 367 325 406 ab
366 368 482 406 omni
515 371 652 417 parte,
689 370 874 418 omnino,
897 379 1077 418 prorsus
1108 372 1258 418 posset
1288 369 1536 418 significare
1568 372 1612 409 et
1642 371 1973 420 monosyllabae
2004 374 2101 412 eius

273 434 442 474 formae
481 444 586 485 περα
626 437 892 475 tribueretur
924 437 992 475 vis
1024 436 1262 485 intensiva,
1292 437 1428 476 etiam
1465 437 1510 476 in
1542 439 1800 486 compositis
1828 439 1981 478 latinis
2005 451 2097 489 per-

272 512 467 552 maynus,
494 504 674 552 perficio,
705 504 803 542 aliis
837 504 1008 543 multis.
1035 504 1114 542 Ex.
1147 514 1235 551 gr.:

571 577 639 609 τῶι
672 583 714 609 σε
744 570 817 622 χρὴ
849 569 950 624 περὶ
982 569 1054 620 μὲν
1086 571 1246 621 φάσθαι
1277 569 1407 624 ,ρέποσ
1440 567 1504 622 ἠδ’
1541 570 1765 611 ἐπακοῦσαι
1779 571 1808 611 ὖ.

575 637 782 689 Εὔδωρον,
811 637 913 692 περὶ
949 636 1021 688 μὲν
1051 639 1181 677 θείειν
1212 638 1335 690 ταχὺν
1368 636 1439 689 ἠδὲ
1470 640 1651 690 μαχητήν
1663 647 1690 678 ⁶.

393 703 645 745 Cuiusmodi
685 706 794 746 locis
836 717 988 745 verum
1022 707 1278 746 adverbium
1312 708 1406 746 erat
1437 706 1529 757 περί
1550 709 1584 757 d,
1618 707 1718 747 addi
1749 709 1899 747 autem
1930 709 2105 758 poterat

270 772 473 819 yenitivus
502 774 842 823 comparationis,
877 784 946 813 ex.
980 784 1064 822 gr.:

715 843 848 879 κεῖνον
880 839 1043 893 ἄριστον
1073 839 1271 891 ἐποίησαν
1302 839 1404 894 περὶ
1435 839 1612 882 πάντων
1626 848 1655 880 2.

393 905 511 955 Quod
537 907 741 956 loquendi
756 918 894 957 genus
919 909 1166 957 permansit
1192 909 1237 947 in
1255 908 1402 947 verbis
1418 911 1614 959 aspasium
1631 910 1674 948 et
1690 907 1926 961 -γίγνεσθαί
1938 919 2049 947 avoc
2062 906 2100 947 f.

390 1038 433 1082 6.
466 1036 558 1080 ἄνα
583 1042 908 1081 cohortantium
940 1043 1023 1081 fuit
1040 1053 1138 1092 vox,
1163 1043 1408 1092 praemisso
1434 1040 1546 1092 ἀλλά,
1572 1043 1675 1091 quin
1699 1051 1882 1092 surge&
1911 1053 1981 1082 ex.
2008 1053 2097 1092 gr.:

627 1105 709 1147 ἀλλ’
746 1104 851 1157 ἄνα,
882 1108 936 1159 μὴ
964 1111 1061 1160 τάχα
1091 1109 1224 1163 ,μάστυ
1256 1109 1387 1161 πυρὸσ
1420 1109 1552 1149 δηΐοιο
1584 1107 1799 1161 θέρηταιᾶ.

393 1240 434 1284 7.
468 1238 551 1283 ὑπό
598 1244 905 1283 accusativum
950 1266 1003 1272 —
1046 1246 1095 1283 ut
1135 1245 1228 1294 περί
1262 1246 1307 1284 et
1337 1242 1426 1283 ἐπίὶ
1461 1266 1512 1273 --
1545 1245 1604 1284 ibi
1636 1255 1805 1294 quoque
1839 1244 2101 1285 adsumebat

274 1309 347 1348 ubi
373 1310 425 1348 de
457 1320 605 1349 rerum
638 1312 759 1350 statu
786 1321 863 1360 per
889 1310 1063 1359 aliquod
1096 1312 1288 1361 spatium
1320 1312 1536 1351 obtinenti
1565 1311 1698 1351 fiebat
1729 1322 1889 1362 sermo,
1923 1323 1990 1352 ex.
2014 1322 2105 1361 gr.:

863 1378 1034 1425 ζώουσιν
1061 1375 1133 1420 ὑπ’
1159 1375 1312 1433 αὐγὰσ
1345 1377 1543 1418 ἠελίοιοᾶ.

865 1446 970 1496 μάλα
1001 1450 1098 1497 πῖαρ
1130 1443 1201 1488 ὑπ’
1234 1438 1378 1488 οὖδασ
1395 1445 1430 1488 k.

391 1578 434 1621 8.
462 1575 535 1620 ἐπί
566 1580 715 1619 dativo
747 1589 878 1629 saepe
911 1582 979 1620 est
1010 1582 1212 1621 iunctum
1243 1582 1318 1621 ubi
1348 1582 1484 1622 locum
1511 1582 1738 1632 petentium
1764 1580 1896 1622 fiebat
1921 1582 2101 1657 mentio,

273 1657 414 1686 versus
440 1647 510 1686 vel
542 1648 598 1687 ad
629 1646 933 1696 S1gn1ficansl,
968 1659 1037 1688 ex.
1071 1659 1158 1697 gr.:

571 1708 673 1765 ηλθε
705 1712 739 1753 δ’
776 1712 849 1756 ἐπὶ
877 1712 1108 1770 Κρήτεσσι
1139 1715 1238 1756 κιὼν
1270 1715 1349 1755 ἀνὰ
1379 1716 1590 1770 ,ρουλαμὸν
1623 1715 1834 1768 ἀνδρῶνΜ.

391 1783 707 1823 Accusativum
739 1787 888 1823 autem
923 1806 977 1810 --
1010 1787 1059 1823 ut
1088 1784 1180 1835 περί
1209 1787 1252 1824 et
1283 1783 1398 1824 ὑπόπ
1426 1804 1473 1809 -
1508 1785 1772 1824 admittebat
1806 1784 1879 1823 ubi
1912 1794 2101 1824 comme·

271 1850 557 1890 morabantur
588 1861 699 1899 quae
725 1862 804 1900 per
833 1852 1091 1900 superficiem
1123 1852 1316 1900 aliquam
1349 1854 1454 1892 sunt
1486 1854 1683 1903 extensa,
1718 1863 1787 1892 ex.
1820 1862 1906 1901 gn:

512 1911 536 1968 ἦ
561 1917 610 1969 ῥά
641 1918 701 1957 τίσ
732 1917 811 1957 ἔστι
841 1919 995 1970 βροτῶν
1032 1916 1101 1961 ἐπ’
1131 1917 1354 1974 ἀπείρονα
1386 1922 1542 1974 γαῖαν,
1570 1920 1576 1971 Ι
1607 1919 1652 1958 ὅσ
1684 1932 1744 1959 τισ
1762 1950 1770 1958 .
1790 1949 1797 1957 .
1815 1927 1880 1966 .0;

392 2048 420 2105 ἓ
451 2050 549 2095 317.
596 2054 732 2103 Saepe
776 2055 886 2094 duae
928 2055 999 2095 vel
1040 2055 1175 2094 etiam
1212 2057 1303 2095 tres
1344 2055 1693 2104 praepositiones
1734 2065 1759 2094 a
1794 2055 1936 2104 poetis
1967 2054 2101 2103 epicis

274 2121 378 2158 sunt
434 2122 705 2171 coniunctae,
763 2133 845 2170 quo
902 2123 1086 2162 vividior
1137 2124 1276 2162 menti
1331 2123 1605 2162 audientium
1652 2122 1896 2162 obiceretur
1940 2122 2099 2170 imago.

274 2187 474 2227 Editores
520 2192 670 2228 autem
710 2190 1057 2239 praepositiones
1095 2190 1159 2229 sic
1198 2190 1373 2229 iunctas
1415 2190 1490 2229 alii
1532 2190 1575 2229 in
1608 2200 1741 2229 unam
1784 2199 1937 2229 vocem
1985 2189 2103 2229 colli·

275 2258 446 2304 garum,
495 2266 562 2295 ex.
611 2267 673 2304 gr.
716 2255 814 2307 διέκ,
852 2257 1036 2307 περιπρό,
1069 2257 1144 2297 alii
1176 2258 1362 2306 singulis
1405 2268 1535 2297 suum
1568 2260 1799 2297 accentum
1832 2256 2101 2304 tribuerunt;

274 2331 384 2369 quae
424 2323 568 2372 potior
609 2324 780 2363 videtur
812 2326 939 2374 ratio,
973 2325 1074 2373 quia
1104 2325 1149 2363 in
1181 2325 1331 2374 lingua
1367 2325 1601 2365 Homerica
1632 2325 1978 2374 praepositiones
2010 2325 2100 2363 vim

276 2389 549 2437 primitivam
596 2391 879 2440 integriorem
928 2392 1165 2431 servabant
1210 2403 1344 2440 quam
1390 2393 1504 2441 apud
1550 2394 1765 2442 posteros,
1807 2394 1851 2431 et
1889 2401 1969 2431 suo
2009 2392 2102 2431 iure

273 2456 454 2496 liberius
494 2460 599 2497 sunt
640 2469 745 2498 usae
786 2470 918 2507 quam
961 2462 1115 2509 postea
1146 2461 1200 2499 iis
1228 2470 1485 2500 concessum
1517 2460 1612 2500 fuit.
1641 2460 1724 2499 Sed
1756 2459 1983 2508 perexigui
2014 2467 2102 2498 mo·

277 2526 417 2563 menti
448 2525 556 2564 haec
586 2528 653 2564 est
684 2527 1033 2574 quaestiuncula.
1066 2528 1280 2577 Exempla
1311 2527 1532 2567 sufficient
1564 2527 1844 2576 sequentiap:

365 2685 385 2704 a
408 2676 489 2714 Peg.
516 2679 588 2718 729
614 2682 648 2709 et
671 2679 687 2719 ξ
715 2678 805 2710 328³.
940 2681 956 2711 b
982 2686 1001 2711 I
1021 2684 1095 2712 100.
1229 2692 1244 2712 c
1271 2686 1305 2712 Π
1326 2683 1400 2712 186.
1535 2681 1558 2712 d
1579 2683 1666 2712 Sunt
1687 2683 1746 2720 qui
1760 2683 1829 2724 πέρι
1848 2683 2099 2713 scribimalint.

409 2738 425 2758 e
459 2743 478 2759 a
502 2730 578 2762 225.
771 2734 803 2774 f
831 2733 964 2770 Quibus
999 2738 1033 2765 et
1066 2738 1189 2774 poetae
1224 2737 1313 2774 epici
1336 2738 1418 2766 sunt
1440 2735 1507 2772 usi,
1532 2738 1566 2767 A
1591 2737 1654 2767 287
1684 2740 1717 2766 Ψ
1738 2737 1801 2766 318
1826 2747 1845 2765 α
1871 2737 1945 2766 66σ
1968 2737 2032 2766 248
2057 2735 2100 2770 al,

405 2792 427 2820 9
463 2783 549 2813 Nos:
568 2794 607 2824 op
629 2784 713 2815 dan!
869 2786 888 2816 lz
913 2791 940 2816 Ζ
955 2789 1037 2823 331;
1058 2789 1141 2818 item
1164 2792 1182 2818 Ι
1201 2790 1265 2819 247
1290 2792 1316 2818 Σ
1336 2789 1398 2819 178
1420 2800 1438 2818 a
1454 2790 1505 2819 13.
1527 2789 1611 2819 Cum
1626 2787 1782 2819 vocativo
1803 2790 1887 2827 ,ράνα
1907 2797 1985 2827 pag.
2001 2789 2062 2818 174
2077 2796 2099 2826 g

276 2833 477 2869 permisceri
512 2837 597 2867 haec
628 2840 839 2877 praepositio
872 2840 906 2869 in
940 2849 999 2870 ore
1023 2843 1147 2879 poetae
1173 2850 1239 2871 non
1272 2842 1397 2880 potuit,
1428 2841 1489 2871 sed
1518 2843 1654 2880 poterat
1677 2840 1712 2871 in
1736 2842 1894 2878 aliorum,
1915 2843 2097 2879 postquam

279 2894 384 2916 sonus
406 2899 429 2926 f
453 2889 486 2918 in
510 2889 721 2921 oblivionem
749 2892 844 2926 abiit,
872 2901 922 2922 ex.
948 2902 997 2930 gr.
1019 2896 1050 2923 Γ
1071 2895 1148 2924 351.
1281 2893 1292 2923 i
1324 2891 1368 2924 N⁰
1394 2895 1412 2924 5
1439 2896 1473 2923 et
1499 2896 1528 2924 8.
1655 2893 1677 2933 j
1700 2906 1715 2923 ο
1740 2895 1816 2924 349.
1950 2892 1971 2922 k
1992 2905 2001 2922 ι
2025 2893 2098 2922 135.

279 2938 322 2967 Ut
346 2948 494 2978 semper,
521 2944 571 2972 sic
591 2951 624 2973 et
648 2944 703 2973 hic
728 2945 986 2975 substantivum
1015 2948 1069 2975 est
1091 2952 1178 2986 πῖαρ,
1203 2955 1283 2985 pag.
1311 2947 1371 2976 177
1388 2946 1409 2982 ί,
1435 2948 1469 2976 et
1494 2944 1592 2976 οὖδασ
1615 2946 1678 2975 soli
1703 2945 1898 2986 superficiem
1920 2944 2102 2982 significat.

279 2990 388 3021 Fuere
413 2995 471 3031 qui
497 3001 572 3036 πῖαρ
598 2997 647 3025 ὕπ’
675 2994 772 3026 οὖδασ
796 2998 990 3027 scriberent
1014 3008 1209 3037 perperam,
1224 2999 1346 3039 pinque
1362 2998 1463 3029 solum
1483 2998 1589 3028 subest
1609 2998 1837 3037 interpretati.
1972 2995 1985 3025 l
2006 2995 2101 3026 Rela-

283 3043 381 3074 tionis
401 3047 472 3075 sive
495 3048 648 3079 commodi
670 3048 727 3079 hic
750 3052 803 3079 est
831 3050 978 3086 dativus,
1004 3060 1081 3089 pag.
1107 3052 1171 3081 385
1186 3062 1224 3080 m.
1432 3061 1461 3080 m
1496 3053 1524 3080 A
1551 3051 1625 3080 251.
1849 3059 1869 3078 n
1899 3046 1944 3079 N⁰
1967 3049 1984 3078 5
2010 3051 2045 3078 et
2070 3050 2099 3079 7.

414 3107 431 3127 o
468 3103 500 3129 H
521 3102 597 3131 446.
860 3114 882 3142 μ
918 3103 1075 3133 Notabile
1102 3112 1163 3142 par
1187 3102 1486 3142 praepositionum
1511 3105 1565 3133 est
1588 3103 1668 3133 Hes.
1693 3103 1821 3140 Theog.
1847 3102 1911 3131 518
1939 3102 1999 3141 πρὸ
2025 3102 2096 3143 παρ’

288 3153 474 3192 Εσπερίδων.
497 3153 590 3188 Quae
616 3154 708 3192 apud
731 3156 919 3185 Homerum
944 3165 1012 3186 non
1037 3157 1104 3186 nisi
1127 3158 1160 3185 in
1186 3157 1350 3187 adverbio
1373 3156 1622 3198 προπάροιθι(ν)
1648 3156 1870 3185 inveniuntur
1893 3155 2040 3184 iunctae.
