2234 3443
148 218 177 264 ᾖ
208 217 276 265 75,
312 216 382 262 76]
756 223 811 251 DE
842 219 1158 250 Dncnmssmm:
1191 217 1364 248 ΤΕΒΤΙΑ.
1885 204 1974 244 185

267 338 487 379 Adiectivi
528 336 652 387 εὐρύσ
691 336 970 376 accusativus
1007 335 1118 383 sing.
1162 342 1300 372 masc.
1343 331 1562 380 plerisque
1598 330 1706 370 locis
1737 331 1806 368 est
1837 327 1974 379 εὐρύν,

152 407 283 447 solito
330 416 451 446 more
495 405 726 454 formatus,
768 404 843 443 sed
886 401 1003 453 εὐρέα
1045 403 1090 441 in
1121 399 1415 440 locutionibus
1455 396 1572 449 εὐρέα
1603 396 1753 436 πόντον
1785 398 1828 435 et
1859 393 1975 445 εὐρέα

156 473 352 513 κόλπονα.

270 540 550 580 Femininum
581 540 736 579 horum
770 538 1089 578 adiectivorum
1121 536 1184 574 ita
1215 533 1471 574 flectebatur
1498 535 1547 572 ut
1571 533 1739 581 postea,
1757 531 1843 569 nisi
1860 527 1974 578 quod

152 610 402 658 discrepant
433 608 564 647 baec:

271 675 423 726 βαθύσ,
462 675 565 714 fem.
614 684 703 713 acc.
751 670 909 723 βαθέαν
925 669 954 722 b,
1000 681 1096 720 gen.
1144 667 1303 721 βαθέκσ
1317 676 1345 719 0,
1386 669 1462 708 sed
1506 668 1640 707 etiam
1682 666 1872 716 βαθεῖαν,
1903 663 1976 714 βα-

152 743 288 791 esino,
318 744 401 783 cet.

271 808 394 860 ὠκύσ,
423 810 526 850 fem.
560 807 662 848 ὠκέα
676 805 709 858 d,
741 808 816 848 sed
848 805 997 856 ὠκεῖαι,
1027 807 1082 846 al.

272 876 411 925 αἲπύσ,
442 876 545 916 fem.
577 875 702 914 αἰπήν
714 883 743 925 ⁶,
774 876 850 915 sed
883 875 1019 914 etiam
1052 873 1202 921 αἰπεῖα,
1233 872 1406 911 αἰπεῖαν.
1439 872 1654 911 Neutrum
1689 868 1799 918 plur.
1833 860 1977 903 αἰπάΐ.

152 945 191 984 A
220 945 363 984 forma
393 943 493 982 αὶπιί
524 943 793 983 substantivi
825 942 918 982 loco
951 943 1162 990 usurpata
1191 941 1371 980 ductum
1404 941 1472 979 est
1513 947 1678 978 novum
1712 933 1977 974 adiectivum

155 1011 317 1051 αἰπάεισ
347 1012 627 1061 scopulosusff.

272 1078 453 1131 πρέσβυσ
465 1076 498 1129 ἢ,
529 1079 631 1118 fem.
665 1075 860 1128 πρέσβαῐ.

271 1147 435 1186 Eadem
482 1147 663 1195 ratione,
706 1155 791 1194 qua
821 1144 934 1194 οἰπά,
964 1145 1154 1183 formata
1185 1146 1313 1183 sunt:
1345 1141 1475 1192 θαμά,
1499 1141 1602 1192 λίγα,
1632 1138 1742 1190 τάχα,
1773 1132 1893 1185 ὦκα),
1924 1134 1979 1174 ab

154 1215 384 1254 adiectivis
430 1214 571 1264 θαμύσ
587 1212 616 1265 ⁶,
660 1214 788 1265 λιγύσ,
828 1213 964 1263 ταχύσ,
1009 1209 1116 1251 ὠκύσ
1157 1213 1300 1251 ducta.
1341 1211 1457 1261 Quae
1489 1207 1674 1259 pluralia
1705 1206 1800 1245 vice
1832 1204 1982 1244 adver·

155 1282 325 1322 biorum
356 1282 507 1322 functa
538 1284 654 1331 sunt,
687 1285 736 1321 ut
768 1282 854 1321 alia
888 1281 1027 1320 multa
1042 1277 1065 1320 l.

274 1349 502 1389 Masculini
542 1351 709 1389 formae
746 1353 876 1399 θῆλυσ
909 1352 952 1389 et
980 1349 1119 1402 ι,ςιιδύσ
1151 1358 1238 1387 uno
1271 1350 1314 1386 et
1345 1347 1483 1386 altero
1515 1346 1608 1385 loco
1642 1353 1741 1383 cum
1778 1339 1980 1381 feminini

154 1417 327 1466 generis
357 1417 651 1458 substantivis
683 1420 786 1457 sunt
814 1418 1071 1458 coniunctae
1086 1425 1127 1458 Μ.

273 1568 465 1608 Biforme
492 1569 574 1608 fuit
597 1570 864 1609 adiectivum
893 1568 969 1619 ἠΰσ
996 1570 1089 1609 sive
1118 1568 1200 1617 έΰσ,
1228 1578 1317 1608 acc.
1346 1566 1424 1617 ἠΰν
1447 1567 1541 1606 sive
1559 1563 1798 1614 §emneutn
1815 1558 1867 1611 ἠΰ
1885 1559 1982 1599 sive

157 1632 214 1674 ἐΰ.
248 1635 437 1676 initialis
468 1636 584 1676 enim
616 1647 752 1677 sonus
783 1647 913 1687 saepe
940 1639 1007 1676 est
1030 1638 1255 1686 correptus
1269 1643 1302 1676 π.
1331 1635 1396 1674 Ab
1419 1634 1573 1674 eadem
1591 1632 1726 1680 stirpe
1742 1628 1984 1668 ductisunt

156 1702 380 1752 genitivus
419 1703 532 1752 sing.
574 1702 699 1755 ἐῆοσο
730 1707 775 1744 et
806 1705 1028 1753 genitivus
1060 1704 1169 1754 plur.
1208 1699 1311 1742 ἐαωιι
1343 1700 1615 1742 substantivi
1644 1697 1847 1738 feminini
1874 1696 1983 1735 cete·

156 1770 311 1818 roquin
344 1771 516 1819 ignoti?
547 1769 652 1824 ἔφή
685 1772 854 1811 bonum.

276 1837 428 1877 Neutri
467 1839 580 1887 sing.
611 1839 754 1879 forma
785 1842 984 1889 correpta
1014 1842 1058 1879 et
1090 1839 1312 1878 interdum
1345 1839 1571 1877 contracta
1588 1833 1631 1873 ἐΰ
1658 1834 1752 1872 sive
1784 1825 1827 1870 εὖ
1860 1839 1984 1869 usur-

158 1906 261 1954 pata
291 1906 362 1944 est
391 1905 585 1944 adverbii
616 1906 724 1959 loco,
759 1909 808 1946 ut
839 1907 953 1956 apud
986 1909 1202 1956 posteros.

278 1972 328 2011 In
360 1973 616 2022 compositis
646 1974 866 2024 plerisque
897 1971 969 2024 ἠϋ-
1001 1973 1109 2013 abiit
1141 1975 1186 2012 in
1213 1971 1289 2022 ἐϋ-,
1315 1972 1391 2011 sed
1415 1972 1557 2011 metro
1573 1968 1804 2008 defensum
1822 1973 1984 2005 sonum

159 2036 203 2089 ἠ-
234 2040 455 2088 integrum
487 2043 721 2080 servarunt
753 2039 962 2092 ἠϋγένειοσ
976 2049 1007 2090 q,
1038 2039 1215 2092 ἠϋγενήσ
1232 2049 1262 2090 r,
1292 2037 1511 2090 ἠΰκομοσ3,
1536 2033 1795 2087 ἠϋπάτειραί.

275 2186 304 2244 ὅ
337 2189 408 2233 76.
437 2191 553 2241 Quae
580 2192 624 2231 in
651 2192 741 2231 -εύσ
772 2193 1031 2232 desinebant
1047 2191 1341 2239 substantiva,
1360 2189 1559 2230 vocalem
1576 2203 1601 2238 η
1618 2187 1746 2236 stirpi
1763 2184 1984 2235 propriam

159 2258 204 2297 in
236 2258 424 2298 dictione
456 2260 580 2308 epica
610 2262 711 2299 ante
745 2260 917 2300 vocales
949 2260 1201 2299 servabant.
1236 2259 1306 2298 Sic
1340 2259 1473 2307 igitur
1504 2259 1608 2296 sunt
1638 2256 1777 2296 flexa:

249 2451 270 2471 a
293 2445 321 2471 Ζ
346 2442 408 2472 291
435 2445 455 2472 1
479 2442 520 2472 ‘12
545 2446 568 2472 Σ
594 2443 658 2472 140
684 2443 719 2471 Φ
745 2441 807 2471 125
833 2440 851 2470 ὃ
876 2441 939 2470 435
965 2452 988 2469 ω
1015 2440 1090 2470 118.
1238 2438 1254 2468 b
1281 2441 1316 2468 Π
1337 2439 1412 2474 766,
1438 2437 1537 2468 codd.
1561 2436 1696 2477 βαθέην.
1831 2443 1847 2464 c
1872 2435 1898 2462 E
1921 2433 1985 2463 142

166 2498 191 2524 Ο
214 2495 278 2525 606
304 2496 340 2524 Φ
362 2495 439 2533 213,
462 2494 481 2533 ξ
508 2495 559 2524 17.
693 2493 717 2523 d
738 2494 777 2523 In
804 2493 969 2523 clausulis
993 2493 1172 2529 ποδήνεμοσ
1196 2491 1276 2521 ὠκέα
1299 2490 1391 2532 Γῑρισ
1409 2494 1435 2520 Β
1462 2491 1525 2521 '786
1551 2490 1594 2520 al.
1620 2491 1655 2519 et
1677 2487 1780 2518 πόδασ
1801 2487 1882 2516 ὠκέα
1895 2485 1986 2526 Εἴρισ

166 2550 193 2577 Β
217 2547 281 2578 ‘190
304 2547 364 2587 al.;
391 2555 453 2585 pro
477 2547 557 2577 ὠκέα
580 2547 612 2577 δ’
634 2542 714 2587 Ἰρισ
742 2549 776 2576 Ψ
798 2547 860 2576 198
884 2548 979 2576 recte
1002 2546 1068 2575 La.
1092 2543 1155 2575 ὦκα
1182 2545 1215 2575 δὲ
1240 2543 1340 2585 From.
1475 2552 1492 2573 e
1516 2547 1547 2573 N
1570 2543 1634 2573 625
1654 2542 1698 2572 al.
1825 2540 1857 2581 f
1880 2539 1983 2570 6369

166 2602 201 2629 Φ
224 2600 254 2630 9.
429 2609 452 2639 q
479 2601 515 2629 Φ
538 2599 592 2635 87,
615 2608 694 2638 pag.
715 2600 790 2630 176.
981 2598 1002 2628 Ιι
1024 2598 1207 2629 Masoulini
1231 2606 1298 2628 non
1322 2597 1388 2627 niei
1411 2596 1668 2635 comparativus
1692 2597 1727 2624 et
1750 2591 1986 2632 superlativus

106 2644 116 2652 ⁸
165 2655 378 2693 πρεσβύτεροσ
402 2654 436 2682 et
459 2662 570 2682 ·τατοσ
596 2653 689 2691 apud
712 2653 754 2682 Η.
777 2650 1014 2683 inveniuntur.
1185 2651 1198 2681 i
1222 2654 1248 2681 E
1271 2651 1332 2681 Ι721
1359 2650 1402 2681 al.
1553 2648 1575 2688 j
1598 2649 1686 2679 Item
1711 2647 1803 2686 apud
1827 2648 1986 2684 posteros

164 2708 263 2747 κάρτα
283 2705 326 2735 ab
351 2705 520 2735 adiectivo
542 2705 690 2746 (καρτύα)
714 2708 832 2746 κρατύσ
857 2708 891 2735 Π
913 2706 974 2736 181
996 2705 1052 2741 aL,
1070 2713 1149 2743 pag.
1175 2702 1274 2743 115j.
1498 2701 1519 2732 k
1537 2702 1629 2739 Sing.
1655 2702 1766 2736 θαμύσ
1789 2707 1856 2728 non
1881 2698 1989 2732 extat,

163 2759 253 2797 plur.
287 2758 420 2794 θαμέισ,
454 2757 593 2794 θαμέασ,
626 2757 746 2795 θαμέσι
778 2759 809 2787 Κ
839 2758 904 2788 264
933 2757 948 2791 Ε
980 2758 1019 2787 12
1050 2769 1062 2786 e
1094 2757 1158 2787 252
1195 2756 1252 2793 aL,
1276 2756 1479 2786 femininum
1504 2758 1647 2791 θαμιῖαι,
1671 2758 1727 2782 -ἇσ
1750 2753 1785 2781 A
1811 2751 1851 2781 52
1878 2751 1920 2779 M
1942 2750 1985 2779 44

162 2811 217 2846 ah,
252 2810 344 2849 quod
379 2810 460 2841 olim
495 2818 563 2840 non
596 2812 691 2841 recte
726 2809 946 2841 scribebatur
981 2812 1123 2847 θαμιιαί,
1156 2806 1299 2847 θαμιιᾶσ
1333 2810 1374 2838 ut
1405 2817 1424 2838 a
1447 2807 1641 2838 masculino
1666 2806 1806 2841 θαμειόσ
1830 2803 1987 2840 ductum,

161 2863 271 2912 Igehrs
284 2861 406 2894 Ariet.²
420 2863 483 2893 259
496 2871 504 2899 ;
518 2861 602 2893 item
615 2866 767 2904 mpqmoel.
778 2863 834 2893 -ἄσ
850 2864 963 2899 Τ357,
977 2864 1040 2893 359
1056 2864 1098 2892 Μ
1105 2862 1168 2893 158
1180 2862 1248 2900 leg.
1262 2868 1414 2903 ταρφεῖαι,
1428 2863 1618 2902 temp-taam
1630 2857 1823 2889 masculino
1836 2855 1985 2896 (ταρφύσ)

162 2915 296 2957 ταρφέοσ
315 2917 345 2944 A
367 2915 430 2945 387
445 2915 500 2949 al..
512 2923 590 2954 pag.
607 2916 669 2946 115
683 2925 712 2946 v.
847 2914 861 2945 l
883 2914 899 2955 5
915 2916 990 2946 320.
1125 2924 1154 2944 m
1181 2912 1263 2953 Pag.
1278 2915 1339 2945 161
1352 2923 1445 2944 a-c.
1565 2922 1585 2942 n
1611 2912 1694 2948 317.
1829 2918 1847 2940 o
1872 2910 1906 2939 A
1920 2909 1984 2938 393

164 2969 223 3004 al.;
248 2968 270 2998 l.
284 2977 314 2999 a.
348 2970 421 3003 ὃοῖο,
450 2968 544 3004 quod
575 2968 672 2999 suere
704 2967 765 3006 qui
787 2968 1024 3003 defenderent,
1054 2967 1226 2997 secundae
1249 2975 1388 3005 quoque
1413 2965 1616 3005 primaeque
1640 2962 1798 3003 personis
1820 2962 1885 2992 hoo
1909 2969 1989 3000 pos-

163 3021 335 3051 sessivum
358 3022 478 3059 aptum
504 3021 613 3051 fuisse
636 3022 713 3057 rati,
738 3021 756 3059 ξ
782 3021 835 3051 95.
1033 3030 1058 3060 p
1082 3020 1114 3050 ,Ω
1138 3020 1202 3050 528
1230 3023 1256 3050 θ
1281 3020 1356 3054 325,
1381 3019 1444 3049 335
1469 3019 1550 3048 Hes.
1576 3017 1705 3055 Theog.
1729 3017 1783 3051 46,
1811 3016 1885 3054 111,
1910 3015 1989 3054 633,

167 3073 243 3104 664.
265 3072 368 3104 Multi
390 3073 473 3103 olim
497 3074 713 3112 seripserunt
737 3069 816 3103 ἑάων
841 3075 875 3103 et
900 3075 983 3111 έῆοσ.
1203 3081 1221 3111 q
1245 3069 1293 3102 λΐσ
1317 3070 1390 3102 sive
1411 3071 1496 3100 λέων.
1720 3079 1738 3098 r
1757 3068 1799 3098 H.
1823 3068 1908 3099 Ven.
1933 3068 1986 3097 94.

297 3136 312 3156 s
335 3126 518 3156 Mulierum
543 3126 731 3165 epitheton.
947 3127 960 3154 t
980 3128 1009 3154 Z
1033 3125 1098 3154 292
1121 3127 1138 3154 λ
1162 3125 1227 3154 235
1251 3136 1273 3163 χ
1298 3124 1373 3158 227,
1398 3122 1496 3154 codd.
1523 3121 1722 3162 εὐπατέρειαν
1745 3123 1779 3151 et
1801 3132 1874 3161 -ρηι,
1898 3119 1991 3151 Voce

166 3179 332 3218 ιῦπάτειρα
355 3179 458 3209 etiam
483 3178 669 3209 Menander
691 3178 828 3208 videtur
850 3186 935 3208 usus
958 3186 1034 3208 esse
1060 3178 1101 3208 fr.
1126 3177 1201 3213 616,
1224 3177 1371 3207 schulze
1395 3176 1534 3212 Quaest.
1557 3175 1621 3213 Ep.
1645 3175 1699 3205 33.
