2234 3443
161 208 185 253 ἓ
218 207 290 252 40]
915 217 972 245 DE
1005 215 1224 246 consoms.
1897 208 1915 244 1
1926 207 1977 244 19

160 329 388 378 scriptoris
429 330 605 368 animus
647 330 883 378 malignuS,
927 340 1011 377 quo
1054 330 1224 368 Bentlei
1255 330 1419 368 mortui
1450 330 1601 368 laudes
1631 329 1845 368 obtrectat
1877 329 1978 367 dum

161 397 256 436 eius
288 397 466 435 invento
499 397 661 444 utitur;
696 407 836 446 neque
867 400 1039 447 poterat
1066 396 1158 436 fieri
1186 398 1287 445 quin
1315 398 1518 436 homines
1546 397 1864 435 deterrerentur
1887 397 1979 444 ipso

160 464 300 513 signo,
334 474 415 511 quo
448 464 518 502 hic
550 465 729 503 criticus
764 465 1013 513 „ionicum”
1049 474 1178 502 suum
1217 465 1356 512 „vau”
1390 464 1664 512 depingebat,
1702 462 1859 512 „aio'cxor
1890 465 1916 502 i.
1944 474 1979 501 e.

159 531 399 581 αωιωαχοι”
443 533 485 570 et
526 531 692 570 similia
735 532 931 570 scribens
964 531 1180 579 videlicet,
1215 534 1256 570 et
1288 532 1486 580 spiritum
1518 532 1647 570 lenem
1680 532 1732 570 ad
1763 531 1804 569 id
1835 531 1976 579 ipsun]

156 599 387 637 inventum
419 608 516 637 esse
549 599 783 647 perhibens
814 601 862 637 ut
894 608 1051 637 sonum
1086 609 1123 636 w
1159 599 1387 637 indicaret.

273 665 422 704 Talem
473 665 672 714 „linguae
719 665 908 704 Graecae
954 664 1286 716 παλιγγενεσίαν”
1329 667 1588 713 aspernatus
1628 664 1866 703 Dorvillius
1910 664 1978 711 „in

155 733 334 780 antiquo
364 732 457 771 luto
489 733 668 772 haerere
700 743 747 771 se
779 732 941 771 malle”
974 732 1125 781 paucis
1157 734 1282 771 annis
1314 735 1411 781 post
1438 733 1656 781 scripsita‚
1689 755 1740 760 —
1770 734 1812 770 et
1837 731 1979 769 haesit

155 809 232 848 per
280 802 419 839 totam
467 800 603 839 vitam
651 800 810 847 aliique
859 800 1096 838 haeserunt
1138 810 1234 838 cum
1279 800 1368 839 illo.
1410 800 1636 839 Ernestius
1667 809 1837 848 quoque
1868 808 1981 836 nova

153 867 316 915 placita
355 867 638 916 superciliose
680 867 852 906 abnuit:
900 867 1147 915 „noluimus
1180 870 1281 906 ante
1313 868 1526 915 attingere
1558 868 1895 917 disputationem
1931 866 1980 904 de

155 935 453 982 „digammate
493 935 684 983 Aeolico,
729 944 827 973 cum
871 944 934 982 ea,
978 944 1089 981 quae
1122 934 1173 972 de
1206 944 1256 973 eo
1288 944 1363 983 per
1395 935 1474 974 hos
1506 946 1645 974 annos
1677 936 1791 974 dicta
1822 936 1924 972 sunt
1956 943 1980 970 a

155 1002 406 1050 „Britannis
438 1002 589 1050 doctis,
624 1001 821 1051 pluribus
847 1001 955 1040 locis
982 1002 1257 1041 occasionem
1286 1003 1452 1050 darent,
1482 1006 1527 1041 ut
1556 1003 1598 1041 in
1625 1002 1858 1052 προτάπτειυ
1884 1005 1921 1039 A
1939 1002 1978 1048 3,

153 1068 413 1121 ᾖσιγαλόεντα
455 1070 492 1106 Ε
530 1070 614 1107 226
649 1070 731 1107 etc.
766 1067 844 1106 Cui
876 1068 983 1106 libet
1015 1069 1102 1107 ista
1135 1079 1410 1118 cognoscere,
1445 1071 1572 1108 adeat
1604 1069 1836 1117 Taylorum
1871 1079 1910 1106 v.
1945 1079 1978 1107 c.

153 1137 230 1185 „ad
272 1137 464 1185 Lysiam,
504 1147 543 1185 p.
579 1137 678 1175 703.
713 1135 964 1174 Dawesium
998 1137 1117 1175 Misc.
1152 1135 1255 1175 Crit.
1290 1147 1324 1176 c.
1359 1140 1397 1185 4,
1434 1138 1506 1184 qui
1540 1146 1805 1184 quamquam
1839 1136 1981 1174 fautor

153 1204 477 1253 „digammatis‚
506 1208 657 1244 tamen
685 1204 883 1243 Bentleio
911 1204 1183 1243 adversatur.
1211 1204 1345 1243 Nobis
1372 1205 1456 1243 ista
1479 1214 1593 1243 nova
1610 1204 1825 1253 sapientia
1842 1212 1979 1251 gram-

150 1272 341 1320 „matica
366 1282 450 1311 non
478 1272 622 1320 magis
654 1271 795 1320 placet
822 1281 954 1319 quarn
982 1271 1206 1318 Dorvillio,
1238 1272 1361 1310 cuius
1387 1272 1598 1310 iudicium
1627 1268 1937 1319 probamus’'b.

267 1339 423 1378 Mirum
455 1339 589 1388 igitur
619 1349 704 1378 non
738 1341 804 1377 est
831 1339 1106 1377 Theodorum
1136 1339 1340 1387 Burgess‚
1371 1349 1468 1378 cum
1498 1349 1658 1377 novam
1676 1337 1775 1376 libri
1791 1338 1981 1377 Dawesii

149 1405 384 1444 editionem
412 1408 586 1445 curaret
599 1409 627 1452 ⁰,
661 1406 865 1444 laudasse
898 1406 1073 1453 quidem
1103 1406 1275 1444 Bentlei
1302 1406 1546 1454 inventum,
1574 1406 1778 1444 laudasse
1796 1415 1979 1444 acumen

148 1472 351 1522 Dawesii,
397 1483 513 1512 nova
559 1483 728 1521 quoque
771 1475 1031 1520 argumenta
1071 1473 1124 1511 ad
1165 1483 1256 1511 rem
1292 1472 1635 1512 confirmandam
1669 1473 1886 1521 attulisse,
1920 1494 1971 1498 ——

148 1539 191 1578 in
234 1540 304 1579 his
343 1541 625 1589 perabsurda,
660 1550 762 1578 nam
795 1541 940 1592 foena>
973 1540 1190 1578 scribebat
1222 1543 1265 1578 et
1297 1541 1510 1592 tervoeafm
1542 1542 1585 1579 et
1615 1539 1774 1592 tlfaoeor
1807 1540 1978 1587 aliaque

147 1607 216 1646 his
261 1608 473 1646 monstris
519 1607 696 1655 similia,
744 1628 795 1634 ——
838 1607 913 1646 sed
956 1617 1096 1655 neque
1142 1608 1367 1655 „Ionicum
1409 1608 1524 1646 vau’'
1556 1617 1694 1654 neque
1730 1607 1980 1655 „digamma

147 1674 404 1713 Aeolicum”
437 1675 482 1713 in
516 1675 694 1714 Homeri
727 1677 902 1713 textum
937 1675 1233 1713 invehendum
1262 1674 1498 1713 censuisse.
1525 1674 1577 1713 Et
1604 1675 1763 1713 melius
1790 1675 1980 1723 profecto

147 1748 241 1780 erat
273 1751 491 1789 nusquam
524 1742 656 1780 scribi
687 1742 863 1790 signum
897 1757 925 1793 f
958 1751 1089 1789 quam
1124 1744 1291 1780 temere
1323 1742 1488 1790 passim
1520 1742 1666 1789 inseri,
1695 1742 1797 1780 dum
1823 1752 1975 1790 parum

146 1808 489 1857 perspiciebatur
521 1820 679 1848 vocum
708 1809 1000 1848 conformatio
1029 1811 1072 1847 et
1099 1810 1255 1848 insano
1283 1809 1427 1848 studio
1445 1810 1690 1858 originandi
1708 1809 1982 1848 detinebatur

147 1884 220 1914 ars
250 1876 557 1923 grammatica.

265 1943 323 1981 At
353 1942 456 1981 dum
491 1943 642 1982 Orbilii
675 1945 718 1982 in
752 1945 931 1992 antiquo
959 1943 1051 1982 luto
1079 1944 1259 1982 haerere
1283 1954 1330 1982 se
1349 1944 1480 1983 malle
1498 1943 1826 1994 profitebantur,
1846 1955 1976 1992 quam

145 2019 250 2048 vera
291 2009 487 2049 dicerent
526 2021 611 2049 non
653 2012 910 2057 sentientes,
954 2011 1026 2049 alii
1071 2007 1245 2050 criticid
1281 2011 1324 2050 in
1356 2011 1585 2050 Britannia
1617 2014 1733 2050 certe
1764 2012 1975 2060 paulatim

145 2079 379 2115 senserunt
397 2078 511 2116 haud
529 2078 592 2116 ita
610 2079 980 2117 contemnendum
1000 2088 1097 2116 esse
1115 2078 1155 2116 id
1176 2078 1287 2125 quod
1299 2078 1543 2117 detexisset
1555 2079 1724 2118 Bentlei
1737 2080 1976 2127 ingenium.

265 2144 399 2182 Extra
440 2144 692 2184 Britanniae
735 2155 838 2184 vero
870 2144 980 2184 fines
1013 2145 1057 2183 in
1091 2145 1178 2183 alia
1209 2146 1358 2184 omnia
1389 2147 1563 2202 mentes
1595 2146 1823 2185 hominum
1856 2147 1976 2185 incli-

146 2210 324 2251 nabant.
358 2212 452 2251 Non
484 2214 669 2261 possunt
707 2223 822 2251 nunc
854 2214 949 2251 sine
983 2213 1073 2251 risu
1105 2212 1191 2260 legi
1224 2222 1334 2260 quae
1366 2213 1418 2251 ad
1450 2213 1720 2262 Hesychium
1750 2215 1979 2252 annotavit

145 2278 314 2318 Alberti
357 2282 563 2319 nostraSe
605 2280 656 2319 de
687 2281 870 2319 Homeri
903 2280 1050 2319 verbis
1078 2274 1121 2318 εὖ
1149 2277 1219 2329 μὲν
1251 2279 1366 2326 τόξον
1399 2276 1487 2318 οἶδα
1501 2277 1530 2319 f.
1565 2281 1755 2320 Ernestii
1787 2282 1976 2321 amicum

146 2345 457 2386 Ruhnkenium
490 2357 598 2387 sono
630 2364 659 2400 f
692 2348 800 2386 nihil
834 2347 1041 2386 tribuisse
1069 2348 1194 2386 docet
1220 2347 1352 2386 editio
1379 2358 1509 2395 quam
1538 2348 1709 2386 curavit
1733 2348 1806 2386 ille
1824 2348 1978 2396 hymni

147 2411 315 2452 Cereris
355 2424 507 2454 recens
539 2417 754 2464 reperti9;
787 2417 925 2454 totam
961 2417 1073 2454 hanc
1104 2416 1407 2462 quaestionem
1441 2426 1541 2454 eum
1574 2415 1739 2463 fugisse
1770 2416 1932 2455 dixeris
1945 2413 1976 2454 b.

146 2479 460 2520 Valckenarius
490 2482 662 2522 inventi
693 2483 941 2522 Bentleiani
973 2483 1242 2520 mentionem
1273 2483 1444 2531 quidem
1474 2483 1707 2530 aliquando
1734 2481 1872 2532 fecitz,
1902 2484 1976 2522 sed

146 2557 255 2586 usus
287 2558 336 2587 eo
370 2558 455 2587 non
489 2551 578 2597 est;
606 2559 691 2588 non
719 2550 837 2593 enim
865 2550 1005 2588 sensit
1032 2550 1132 2597 quid
1159 2550 1394 2589 interesset
1420 2550 1534 2589 inter
1551 2560 1729 2589 versum
1758 2560 1782 2588 a
1800 2551 1978 2589 vocibus

147 2610 193 2652 ὃσ
235 2613 351 2653 ἕτλιισ
392 2617 436 2653 et
477 2625 655 2655 versum
698 2627 722 2655 a
763 2617 945 2656 vocibus
986 2613 1033 2654 ὃσ
1073 2614 1169 2666 ἥιδη
1210 2614 1503 2665 incipientisj.
1536 2616 1723 2656 Wolfius
1754 2617 1977 2665 digamma

146 2681 332 2720 vocabat
368 2683 532 2730 „senile
564 2683 801 2722 ludibrium
833 2684 997 2732 ingenii
1028 2684 1316 2722 Bentleiani.”

236 2854 254 2874 a
278 2845 330 2874 Ad
365 2843 536 2875 Chariton.
574 2846 651 2882 202,
686 2854 774 2875 anno
812 2847 907 2876 1750.
1054 2845 1070 2875 b
1096 2847 1189 2876 Haec
1219 2847 1324 2877 verba
1355 2856 1444 2877 anno
1470 2848 1555 2879 1759
1581 2847 1758 2878 subiunxit
1781 2846 1908 2877 Clarkii
1932 2847 1975 2876 ad

147 2900 182 2926 Π
213 2897 275 2927 172
308 2896 524 2928 annotationi
553 2906 658 2936 supra
690 2907 768 2936 pag.
802 2898 898 2928 iisd
924 2897 1110 2937 excriptae.
1245 2909 1261 2929 c
1282 2901 1380 2929 Anno
1409 2901 1506 2930 1781.
1642 2899 1665 2929 d
1685 2900 1821 2937 Taylor‚
1844 2900 1975 2936 Foster,

147 2949 275 2987 Upton,
297 2950 420 2987 Salter,
444 2949 514 2980 alii.
693 2959 709 2980 e
732 2950 830 2980 Auno
865 2950 960 2980 1745.
1140 2951 1164 2988 f
1189 2955 1212 2981 θ
1233 2952 1310 2988 215,
1329 2952 1372 2981 ad
1392 2951 1542 2990 Hesych.
1563 2961 1588 2982 ε.
1610 2961 1640 2982 v.
1660 2952 1750 2989 γοῖδα
1769 2949 1803 2992 (i.
1817 2961 1846 2982 e.
1869 2953 1975 2990 folda,

146 3010 224 3039 pag.
263 3002 324 3032 137
340 3001 361 3031 l.
515 3013 537 3042 9
575 3004 670 3032 Anno
698 3003 794 3032 1782.
974 3002 993 3032 k
1030 3004 1090 3034 Ex.
1127 3013 1177 3041 gr.
1211 3013 1262 3034 vs.
1300 3006 1363 3034 333
1399 3013 1461 3042 pro
1496 3006 1569 3045 πρὶν
1603 3005 1660 3034 ἴδοι
1694 3003 1799 3034 scribi
1830 3003 1975 3034 iubebat

149 3057 222 3093 πρίν
245 3054 270 3091 γ’
297 3055 366 3084 ἴδοι.
501 3055 514 3084 i
537 3055 636 3085 Anno
671 3056 756 3084 1747
783 3056 816 3084 in
845 3054 996 3093 epistula
1021 3056 1064 3085 ad
1087 3057 1279 3087 Roeverum
1305 3057 1356 3086 72.
1483 3056 1505 3096 j
1527 3059 1561 3087 A
1586 3058 1627 3087 70
1648 3059 1682 3087 et
1703 3057 1887 3087 X236.Cf.
1901 3058 1975 3087 eius

149 3105 411 3136 observationes
443 3106 485 3136 ad
516 3106 634 3136 Iliadis
666 3107 791 3137 librum
825 3107 920 3137 XXII
950 3117 983 3146 p.
1009 3109 1062 3143 54,
1087 3118 1175 3146 quae
1200 3109 1302 3139 simul
1326 3117 1403 3138 cum
1431 3109 1576 3147 epistola
1599 3109 1739 3139 laudata
1763 3108 1977 3147 prodierunt,

152 3163 213 3186 nec
238 3166 307 3187 non
335 3167 422 3196 quae
449 3167 537 3188 anno
564 3159 648 3189 1773
675 3160 850 3189 annotavit
874 3159 916 3189 ad
941 3160 1115 3190 Theocriti
1140 3160 1347 3191 Adoniazus.
1371 3169 1449 3199 pag.
1474 3162 1549 3190 356.
