2234 3443
155 160 179 205 ἓ
211 161 252 206 3]
937 171 990 199 DE
1022 171 1178 200 METRo.
1917 167 1970 205 55

269 285 406 324 Fuere
452 286 525 333 qui
571 287 818 325 statuerent
862 286 907 325 in
954 287 1095 335 primo
1142 287 1250 334 pede
1291 287 1522 334 spondeum
1564 288 1787 327 veteribus
1828 290 1972 337 magis

151 354 378 401 acceptum
419 352 554 391 fuisse
595 362 728 400 quam
771 353 1040 401 dactyluma‚
1085 353 1129 391 in
1160 353 1284 392 exitu
1317 354 1463 392 autem
1497 364 1703 393 versuum
1735 355 1972 404 trisyllabus

151 429 281 458 voces
320 419 619 468 tetrasyllabis
660 419 797 458 fuisse
839 419 1113 468 praelatasb;
1157 420 1233 458 sed
1277 420 1384 469 ipsis
1427 421 1694 460 carminibus
1736 421 1843 461 haec
1884 433 1969 462 non

152 487 490 536 comprobantur
502 494 530 525 ⁶.

265 554 389 593 Aliae
435 554 649 602 quaeiam
696 553 819 601 leges
857 563 912 592 ex
953 554 1050 602 ipsa
1091 555 1224 592 metri
1266 555 1427 593 heroici
1470 555 1616 594 indole
1653 555 1967 604 profluxerunt.

149 620 509 670 obtemperatum
541 621 595 659 iis
627 622 694 659 est
726 642 778 648 —
811 629 898 659 non
931 620 1147 669 consulto,
1182 622 1258 660 sed
1291 622 1392 669 quia
1424 622 1604 670 migrari
1635 632 1720 661 non
1753 624 1968 671 poterant.

151 687 222 726 Sic
251 698 408 727 vocum
449 688 674 727 molossum
707 687 986 726 efficientium
1020 687 1192 735 syllaba
1223 689 1369 727 media
1401 689 1490 728 fere
1523 699 1698 738 semper
1729 692 1849 728 caret
1879 691 1968 729 ictu

150 751 321 803 (‡--⁷)d,
371 776 424 784 ——
467 755 670 794 studione
712 755 973 802 poetarum?
1013 755 1107 794 Non
1149 755 1233 794 ita:
1276 757 1373 805 ipsa
1419 767 1488 795 res
1537 757 1578 795 id
1618 757 1731 806 tulit,
1779 757 1868 795 illis
1913 768 1967 797 ne

148 822 603 861 animadvertentibus
636 823 824 870 quidem.
861 822 972 861 Nam
1004 823 1150 862 media
1181 823 1352 871 syllaba
1383 824 1502 863 feriri
1534 834 1621 863 non
1653 826 1824 873 poterat
1854 824 1942 863 nisi

264 890 354 928 ictu
389 891 581 939 secundo,
624 900 680 929 ex
721 900 784 938 gr.
827 886 913 928 οὐδ’
959 888 1122 941 ἔρρηξεν
1163 890 1322 941 χαλκόσ,
1358 892 1604 930 cuiusmodi
1640 892 1834 931 duriores
1865 893 1969 931 sunt

144 957 356 1006 numerie,

261 1024 332 1063 vel
377 1028 538 1073 quarto,
588 1035 656 1064 ex.
704 1035 766 1074 gr.
813 1025 995 1063 Ἀλθαίκι
1041 1025 1245 1076 χωόμενοσ
1292 1025 1410 1078 nuos,
1456 1037 1537 1074 quo
1585 1027 1834 1066 hexametri
1871 1026 1965 1065 loco

143 1091 361 1140 spondeus
391 1093 529 1131 rarior
560 1093 688 1142 fuitff,

262 1159 331 1198 vel
371 1164 491 1208 sexto,
532 1171 601 1199 ex.
637 1171 700 1208 gr.
731 1158 863 1210 γενεαὶ
895 1159 1080 1209 μερόπων
1113 1159 1344 1210 ἀνθρώπων
1359 1158 1390 1210 h,
1427 1164 1474 1200 ut
1507 1171 1662 1200 versus
1694 1160 1816 1199 fieret
1843 1171 1964 1198 σποι-

144 1224 322 1275 δειάζων,
358 1228 603 1266 cuiusmodi
634 1227 838 1266 versibus
868 1229 1023 1276 poetae
1055 1238 1184 1278 parce
1215 1230 1319 1267 sunt
1350 1226 1457 1267 usii.

263 1294 603 1343 Dispondearum
630 1297 778 1334 autem
809 1305 966 1334 vocum
995 1295 1192 1342 syllabae
1221 1296 1362 1344 prima
1389 1298 1431 1334 et
1457 1296 1588 1334 tertia
1615 1295 1833 1344 plerisque
1858 1294 1966 1333 locis

143 1360 233 1400 ictu
264 1364 368 1401 sunt
397 1373 642 1411 percussae,
677 1362 864 1411 μην-Η,
898 1362 973 1401 sed
1006 1363 1142 1401 ictum
1181 1372 1356 1401 amasse
1392 1373 1478 1401 non
1511 1365 1579 1402 est
1611 1373 1686 1401 cur
1718 1362 1960 1401 credantur.

145 1427 256 1467 Nam
299 1430 491 1469 secunda
533 1432 575 1468 et
616 1432 771 1478 quarta
813 1430 1012 1477 syllabae
1053 1429 1132 1468 sub
1164 1430 1254 1468 ictu
1287 1440 1385 1469 esse
1421 1440 1507 1469 non
1550 1431 1753 1478 poterant
1792 1429 1878 1473 nisi
1918 1428 1962 1467 in

142 1505 297 1535 versus
323 1498 503 1536 introitu
530 1500 629 1546 post
654 1497 1024 1545 monosyllabum,
1054 1497 1123 1535 vel
1151 1499 1251 1535 ante
1280 1507 1508 1536 caesuram
1541 1496 1970 1544 semiseptenariam‚

142 1563 212 1602 vel
250 1566 350 1613 post
391 1575 620 1604 caesuram
660 1564 1037 1612 semiquinariam.
1080 1563 1271 1612 Quorum
1304 1565 1582 1603 schematum
1614 1564 1805 1612 primum
1837 1563 1965 1601 tardi-

142 1640 239 1670 ores
271 1631 400 1671 efficit
426 1642 594 1681 versus,
629 1642 697 1671 ex.
723 1642 785 1680 gr.
815 1626 930 1683 δμῶ’
967 1629 1237 1680 ἀνσχήσεσθαι
1253 1628 1284 1680 k,
1320 1631 1562 1669 secundum
1590 1631 1697 1669 adeo
1723 1630 1891 1678 ligneos
1918 1632 1967 1668 ut

142 1699 322 1738 omnino
363 1700 417 1738 iis
458 1700 751 1739 abstinuerint
782 1701 936 1748 poetae
949 1695 972 1748 l,
1016 1699 1195 1738 tertium
1231 1699 1375 1738 solum
1408 1699 1667 1737 hexametro
1699 1697 1782 1736 fuit
1814 1699 1965 1746 aptum

143 1767 187 1805 et
217 1767 331 1806 haud
363 1767 426 1806 ita
458 1777 556 1807 raro
588 1767 631 1806 in
666 1767 799 1815 epicis
832 1766 1100 1805 carminibus
1133 1768 1395 1814 usurpatum
1424 1767 1505 1814 est,
1541 1776 1608 1804 ex.
1641 1776 1704 1814 gr.
1737 1765 1967 1803 ἀλλάλοισιν

141 1831 320 1872 κοτέοντε
334 1843 374 1874 ⁷⁷².

273 1984 294 2004 a
318 1974 453 2004 Bekker
477 1974 576 2004 Hom.
600 1974 731 2003 Bliitter
756 1973 772 2002 I
800 1974 875 2009 138,
901 1973 976 2008 285,
1000 1970 1139 2001 vChrist
1163 1972 1298 2007 Proleg.
1329 1971 1368 2000 Il.
1396 1972 1456 2001 121
1485 1974 1518 2000 et
1542 1967 1681 2000 Metrik2
1709 1971 1789 2000 165:
1817 1971 1966 2006 „Homer

146 2027 259 2065 „zeigt
291 2028 367 2057 eine
403 2025 548 2065 gewiese
582 2026 742 2056 Vorliebe
778 2026 832 2055 fiir
867 2025 934 2054 den
966 2024 1148 2063 Spondeus
1178 2024 1225 2053 im
1258 2024 1335 2053 1¹⁵²en
1359 2024 1458 2059 Fuss,
1482 2032 1579 2053 wenn
1604 2023 1751 2052 anchin
1774 2022 1880 2060 Folge
1904 2022 1966 2052 des

144 2079 442 2116 „Ueberschusses
475 2089 518 2109 an
552 2078 787 2116 dactylischen
823 2078 1052 2108 Wortformen
1086 2077 1197 2107 selbst
1229 2075 1286 2106 bei
1310 2077 1438 2106 Homer
1460 2075 1586 2106 immer
1607 2075 1698 2106 noch
1722 2075 1777 2105 die
1799 2074 1882 2105 Zalll
1906 2074 1966 2104 der

145 2133 374 2169 „Hexameter
408 2133 472 2164 mit
506 2131 761 2170 beginnendem
795 2130 961 2168 Dactylus
995 2132 1133 2168 grosser
1168 2131 1213 2160 iet
1247 2130 1296 2159 als
1321 2129 1382 2159 der
1405 2130 1469 2159 mit
1499 2128 1753 2167 beginnendem
1786 2128 1967 2166 spondeus

146 2182 216 2226 „(v.
237 2185 408 2215 Drobisch
432 2183 578 2216 Formen
600 2185 660 2214 des
683 2185 741 2214 lat.
765 2185 849 2214 Hex.
874 2184 908 2213 ΙΙ
928 2182 1018 2223 45)”.
1033 2199 1072 2204 -
1087 2183 1179 2220 Lege
1204 2180 1361 2219 metrica,
1386 2183 1442 2212 cui
1465 2182 1542 2220 ipse
1563 2184 1665 2220 poeta
1683 2182 1801 2219 lingua
1821 2182 1965 2218 cogente

143 2247 211 2268 non
232 2237 538 2277 obtemperaverit,
559 2239 684 2269 melius
708 2237 916 2272 carebimus,
940 2237 956 2274 ξ
987 2237 1037 2272 14,
1062 2236 1138 2272 125,
1164 2236 1238 2265 191.
1441 2233 1457 2264 b
1492 2234 1632 2264 vChrist
1666 2232 1800 2272 Proleg.
1823 2233 1863 2263 Il.
1890 2233 1967 2263 122.

270 2300 287 2321 e
310 2291 371 2321 Ex.
394 2301 445 2330 gr.
469 2290 550 2322 libri
572 2295 601 2320 Ζ
626 2300 706 2321 unus
730 2298 851 2319 verens
876 2291 911 2318 in
935 2297 1057 2319 vocem
1083 2297 1143 2318 sex
1166 2287 1380 2325 syllabarum
1402 2286 1539 2323 desinit,
1563 2285 1709 2316 tredecim
1735 2287 1770 2316 in
1794 2285 1965 2323 monosyl-

140 2342 268 2380 labam,
297 2342 437 2374 decimus
469 2343 600 2384 quisque
629 2341 664 2372 in
695 2342 984 2381 pentesyllabam‚
1005 2340 1158 2380 septimus
1180 2340 1214 2369 in
1237 2338 1512 2377 tetrasyllabum,
1539 2340 1674 2378 quartus
1696 2340 1768 2369 fere
1788 2337 1825 2367 in
1849 2338 1964 2376 trisyl-

144 2395 271 2432 labam,
294 2398 431 2435 quartus
453 2397 507 2427 vel
530 2395 663 2436 quintus
684 2396 719 2424 in
743 2394 958 2432 disyllabum.
981 2394 1083 2423 Nullo
1110 2393 1217 2430 igitur
1241 2390 1442 2422 discrimine
1466 2392 1501 2421 in
1521 2400 1683 2421 versuum
1711 2392 1779 2421 fine
1798 2391 1967 2421 vocabula

147 2448 293 2479 duarum
316 2449 513 2488 pluriumve
535 2448 748 2485 syllabarum
773 2457 791 2477 a
815 2447 928 2486 poetis
955 2448 1036 2476 sunt
1064 2445 1244 2481 collocata,
1263 2445 1379 2483 prouti
1404 2445 1559 2483 ipsorum
1581 2445 1690 2474 menti
1709 2452 1746 2474 se
1766 2443 1967 2474 offerebant.

275 2499 298 2530 d
321 2500 488 2531 Ludwich
511 2501 613 2531 Arist.
640 2501 675 2530 11
700 2500 764 2530 244
788 2509 863 2538 sqq.
997 2508 1014 2529 e
1038 2501 1069 2528 Γ
1090 2500 1154 2528 348
1178 2497 1232 2538 (=
1260 2501 1295 2528 H
1319 2498 1382 2528 259
1408 2500 1437 2527 Ρ
1458 2499 1500 2527 44
1525 2497 1606 2527 Hes.
1630 2495 1718 2536 Clip.
1742 2495 1822 2536 415)
1846 2500 1876 2526 Ν
1899 2497 1963 2525 494

144 2558 170 2585 Σ
193 2554 251 2585 351
282 2551 323 2595 (Δ
350 2554 412 2584 181
437 2565 460 2592 φ
486 2554 571 2590 123).
741 2553 765 2590 f
783 2557 800 2582 1
824 2552 900 2583 555.
1070 2561 1092 2591 q
1117 2549 1200 2589 Pag.
1225 2552 1278 2583 44.
1428 2548 1448 2579 Ιι
1471 2551 1506 2579 Α
1532 2550 1608 2580 250.
1753 2549 1766 2579 i
1788 2550 1870 2587 Pag.
1894 2549 1964 2578 45t

267 2607 288 2647 j
322 2606 487 2637 Ludwich
522 2605 626 2636 Arist.
659 2605 696 2635 11
729 2606 794 2636 250
830 2613 905 2643 sqq.
1071 2603 1091 2633 k
1120 2606 1146 2633 E
1181 2604 1256 2633 104.
1437 2600 1450 2631 l
1474 2605 1502 2631 B
1531 2602 1595 2632 653
1622 2604 1647 2631 E
1670 2603 1732 2632 628
1758 2601 1873 2634 Ξ307
1898 2600 1964 2638 leg.

136 2660 362 2701 Ἠρακλεΐδησ,
384 2659 465 2697 -δην,
489 2660 697 2700 πρυμνωρεΐηι
722 2666 783 2697 pro
808 2670 872 2687 -ει-.
1031 2666 1057 2685 m
1084 2659 1115 2685 Γ
1135 2657 1212 2686 345.
