2234 3443
268 197 352 235 254
851 204 905 232 DE:
937 203 1177 231 N0M1N1ssus
1210 202 1495 232 VERBALIBUS.
1924 198 1962 242 [ἓ
1999 198 2081 236 128

265 328 366 356 nam
408 318 521 356 inter
562 316 714 355 πκκτόσ
755 318 798 356 et
833 319 983 365 pactus
1024 315 1195 354 nullum
1237 315 1320 354 fuit
1356 316 1716 356 conformationis
1750 317 1819 356 vel
1851 320 2086 366 potestatis

265 386 513 424 discrimen.
555 385 706 432 Itaque
747 382 872 422 κυνέη
912 383 1026 432 ῥινοῦ
1059 384 1204 432 ποιητά
1224 390 1244 410 a
1278 382 1468 422 Homero
1500 385 1594 422 erat
1624 385 1744 432 §alea
1769 395 1788 423 e
1819 386 1928 424 corio
1954 386 2082 435 facta,

265 454 308 490 et
340 452 401 491 sic
433 454 644 501 usurpata
676 453 780 490 sunt
813 451 992 489 nomina
1024 449 1181 499 τυκτόσ,
1211 448 1370 508 κλυτρσ,
1399 449 1582 500 munds,
1613 449 1888 501 διαμέτρητοσ,
1919 452 2017 492 alia.

383 519 547 568 Aptum
573 521 721 557 autem
749 519 842 556 erat
867 518 948 556 hoc
975 517 1183 556 suffixum
1211 517 1264 555 ad
1282 517 1403 556 activi
1420 517 1653 556 verborum
1671 519 1843 566 generis
1860 519 2083 558 notionem

262 586 552 626 indicandam.
601 586 710 624 Nam
759 584 1132 632 quemadmodum
1189 584 1325 622 latine
1383 586 1530 623 cautus
1577 584 1801 623 dicebatur
1847 585 1919 632 qui
1965 586 2081 634 cavit,

261 653 426 693 iuratus
457 655 529 701 qui
559 653 726 700 iuravit,
758 662 889 691 ausus
921 653 994 700 qui
1024 651 1234 700 animum,
1262 660 1453 699 pransus
1484 651 1558 699 qui
1590 651 1729 690 cibum
1760 652 1874 701 cepit,
1905 654 1949 691 et
1977 652 2084 691 mul·

260 720 407 757 torum
449 719 636 757 aliorum
679 720 1008 768 participiorum
1051 719 1094 758 in
1133 721 1214 758 ·tu8
1245 719 1540 758 desinentium
1573 719 1732 758 similis
1763 720 1847 758 suit
1877 719 1945 758 vis
1958 717 1988 769 b,
2022 721 2085 759 sic

263 786 453 824 Homero
493 783 661 824 ἅπιστοσ
701 789 794 825 erat
836 788 873 824 is
915 786 988 834 qui
1025 787 1150 834 sidem
1191 796 1279 824 non
1319 785 1476 834 habeto,
1523 784 1723 824 ἅκλαυτοσ
1754 786 1826 834 qui
1856 796 1941 825 non
1969 783 2081 835 field,

261 851 439 891 ἄπυστοσ
470 854 544 900 qui
575 853 679 892 nihil
710 856 965 902 compertum
996 853 1114 892 habet
1146 853 1240 892 sive
1271 853 1491 902 iqnaruse‚
1525 850 1750 891 ἅπνευστοσ
1781 852 1855 900 qui
1885 853 2083 901 spiritum

259 920 405 957 ducere
429 920 568 967 nequit
580 917 609 969 f,
639 920 895 970 παραρρητόσ
913 922 986 968 qui
1005 921 1218 969 persuasit
1235 920 1304 959 vel
1317 920 1568 968 persuadere
1578 922 1750 968 potesta
1780 919 2084 970 πολύπλαγκτοσ

260 987 330 1033 qui
362 997 505 1025 errare
535 988 685 1026 multos
718 990 825 1033 (-ta8)
852 988 947 1036 fecit
961 984 993 1036 ἢ,
1027 986 1202 1025 ποτκτόσ
1233 987 1305 1035 qui
1336 987 1472 1026 volare
1497 988 1627 1035 potest
1658 987 1752 1025 sive
1784 987 1921 1027 alatus
1941 985 1964 1025 2'.

378 1054 490 1092 Aliis
533 1065 636 1094 vero
678 1055 786 1094 locis
825 1055 981 1094 multis
1018 1055 1178 1103 passivi
1218 1055 1391 1102 generis
1432 1054 1642 1093 suffixum
1681 1055 1749 1093 est
1780 1054 1882 1103 -τόσ,
1913 1055 1958 1093 et
1987 1054 2083 1102 ipsa

258 1130 367 1167 quae
414 1122 542 1161 modo
588 1122 768 1161 laudata
814 1124 919 1161 sunt
965 1119 1176 1170 ἅκλαυτοσ,
1220 1119 1414 1171 ἅπυστοσ,
1462 1120 1733 1171 παραρρητόσ,
1777 1120 2084 1172 πολύπλαγκτοσ

258 1187 431 1235 saepius
462 1188 660 1227 rariusve
692 1187 998 1237 significarunt
1030 1198 1130 1227 eum
1169 1189 1242 1235 qui
1272 1198 1356 1226 non
1388 1185 1605 1238 defletum,
1640 1188 1692 1227 de
1723 1198 1807 1235 quo
1840 1188 1944 1227 nihil
1975 1198 2081 1227 com-

255 1258 420 1302 pertum
460 1258 514 1295 est
546 1256 640 1294 sive
673 1257 748 1303 qui
780 1257 946 1304 iynotus
979 1253 1077 1305 esth,
1122 1256 1192 1294 cui
1227 1255 1507 1304 persuadetur
1544 1255 1613 1294 vel
1639 1255 1890 1303 persuaderi
1915 1257 2043 1303 potest
2057 1253 2080 1303 l,

258 1322 329 1368 qui
360 1323 404 1360 in
436 1333 596 1362 errores
626 1323 777 1363 multos
806 1323 975 1372 pellitur
987 1331 1029 1362 ⁷¹².

375 1389 441 1427 Ad
473 1388 867 1428 conformationem
900 1390 1011 1437 quod
1045 1389 1218 1438 attinet,
1252 1388 1476 1428 nonnullis
1507 1388 1760 1427 nominibus
1789 1388 1833 1427 in
1859 1388 1948 1427 -τόσ
1973 1389 2083 1427 desi-

258 1456 463 1495 nentibus
505 1456 670 1495 vocalis
713 1470 730 1494 ε
762 1457 930 1495 inserta
972 1458 1040 1495 est
1080 1456 1324 1505 euphoniae
1364 1466 1511 1495 causa.
1555 1456 1625 1495 Sic
1667 1466 1692 1494 a
1732 1455 1943 1504 stirpibus
1986 1455 2083 1505 δεικ,

258 1526 408 1573 (mnan,
450 1538 528 1576 foy(
576 1524 709 1562 ducta
754 1525 858 1562 sunt
904 1521 1147 1573 ἀριδείκετοσ
1195 1525 1250 1572 et,
1299 1533 1409 1571 quae
1455 1523 1498 1561 in
1540 1523 1821 1561 substantiva
1867 1522 2081 1571 abierunt,

256 1589 426 1628 κάπετοσ
482 1593 610 1638 atque
654 1588 787 1640 ὀχετόσ
812 1601 845 1630 n.
894 1590 1147 1639 Comparari
1198 1592 1344 1639 potest
1386 1590 1532 1629 brevis
1578 1600 1713 1629 sonus
1759 1589 1930 1628 suffixis
1975 1588 2079 1639 -ρόσ,

255 1668 360 1706 -τκσ,
397 1668 508 1707 -μοσ,
547 1661 673 1708 -θρον
714 1658 945 1697 nominum
982 1656 1194 1708 βλαβερόσ,
1224 1654 1372 1707 [iz-estne,
1402 1656 1623 1707 πλόκαμοσ,
1651 1654 1864 1708 πέλεθρον,
1895 1656 2082 1696 aliorum

257 1725 542 1773 praemissus.

374 1792 617 1831 Adiectivis
645 1789 843 1830 ἅκλαυτοσ
871 1793 914 1830 et
941 1789 1120 1843 ἅγνωτοσ
1146 1791 1295 1831 littera
1313 1803 1334 1829 σ
1351 1793 1482 1841 poeta
1498 1792 1639 1830 invito
1657 1790 1888 1830 alibrariis
1905 1791 2080 1839 saepius

256 1858 322 1895 est
355 1858 522 1896 inserta
535 1865 565 1896 0.

377 1990 755 2039 Quemadmodum
798 1993 1033 2032 indicativo
1076 1993 1230 2032 aoristi
1270 2003 1356 2032 non
1398 2003 1449 2032 ea
1489 1993 1583 2032 sola
1623 1992 1929 2032 indicabantur
1969 2002 2079 2039 quae

256 2060 375 2096 certa
415 2058 559 2105 aliqua
599 2060 826 2099 occasione
857 2062 1089 2109 evenerunt,
1123 2060 1198 2099 sed
1232 2060 1367 2099 etiam
1401 2081 1454 2087 —
1489 2059 1542 2098 ab
1575 2069 1672 2098 esse
1704 2060 1820 2098 enim
1854 2059 1906 2098 ad
1937 2068 2079 2107 posse,

257 2127 305 2163 ut
335 2125 440 2163 olim
472 2125 606 2164 locuti
635 2130 751 2177 sunt,
787 2127 906 2166 valet
938 2127 1255 2175 consequentia
1292 2153 1336 2159 -
1373 2137 1485 2175 quae
1515 2127 1605 2175 fieri
1629 2127 1756 2166 solem
1781 2136 1880 2166 cum
1908 2126 2078 2165 occasio

257 2202 302 2230 se
340 2192 509 2241 offertP‚
544 2193 607 2232 sic
640 2196 682 2232 et
715 2194 982 2234 adiectivum
1016 2195 1190 2234 verbale
1223 2205 1247 2233 a
1278 2204 1384 2233 vera
1415 2196 1618 2242 certaque
1649 2204 1796 2233 rerum
1828 2193 2081 2233 condicione

254 2269 383 2307 saepe
415 2260 468 2298 ad
501 2261 722 2300 credibilia
764 2263 807 2299 et
840 2261 1099 2300 verisimilia
1130 2263 1199 2300 est
1229 2261 1491 2300 deflexumq.
1527 2261 1596 2300 Sic
1625 2260 1747 2298 κτκτά
1778 2262 1907 2307 atque
1938 2259 2077 2297 ληϊστοὶ

257 2328 467 2365 vocantur
505 2327 661 2374 quibus
690 2328 816 2376 potiri
846 2328 975 2371 lic-etr.
1008 2325 1189 2378 ἀμβατόσ
1221 2329 1382 2367 dicitur
1412 2327 1515 2366 urbs
1547 2327 1599 2366 ad
1632 2337 1764 2375 quam
1796 2327 1884 2366 licet
1913 2327 2078 2366 adscen-

255 2392 385 2441 dares,
419 2394 678 2444 παραρρητόσ
710 2396 778 2434 cui
804 2396 1055 2443 persuade-ri
1079 2398 1207 2444 potest
1220 2392 1244 2435 ff.
1280 2395 1397 2444 Quae
1425 2395 1493 2433 vis
1521 2394 1678 2433 suffixo
1705 2393 1792 2433 -τόσ
1817 2394 2074 2444 permansit.

255 2460 527 2508 Quamquam
569 2464 613 2500 et
653 2463 797 2511 prisca
838 2463 879 2501 vi
919 2464 1071 2510 postea
1113 2472 1242 2510 saepe
1282 2464 1350 2501 est
1382 2472 1509 2500 usum
1525 2470 1557 2510 α,
1590 2462 1851 2510 praesertim
1882 2461 1926 2499 in
1960 2470 2075 2499 com·

253 2527 467 2575 positione
481 2536 510 2566 v.

370 2595 586 2633 Adiectivi
619 2595 807 2635 verbalis
848 2606 986 2644 genus
1027 2599 1227 2635 neutrum
1268 2597 1331 2635 sic
1372 2597 1440 2635 est
1482 2597 1741 2645 usurpatum
1783 2595 1827 2633 in
1859 2595 1928 2633 his
1960 2594 2073 2634 locu-

253 2661 466 2700 tionibus:

339 2793 358 2811 a
385 2785 414 2811 l(
440 2784 501 2813 261
528 2791 579 2820 sq.
715 2783 730 2813 b
755 2782 989 2823 Deponentium
1016 2786 1232 2815 cunctorum.
1378 2793 1394 2814 c
1416 2783 1430 2817 ξ
1458 2785 1533 2821 150,
1557 2784 1620 2814 391
1647 2792 1674 2819 ψ
1699 2784 1752 2819 72,
1775 2784 1871 2814 hino:
1900 2783 1955 2823 qui
1979 2782 2071 2820 fidem

253 2844 313 2863 non
337 2837 444 2864 servat
469 2838 498 2864 Γ
520 2837 581 2866 106
606 2836 637 2865 Ω
663 2837 717 2871 63,
743 2837 817 2866 207.
1030 2836 1052 2866 d
1075 2837 1091 2866 δ
1113 2839 1189 2868 494.
1415 2846 1431 2865 e
1456 2837 1472 2865 ὁ
1498 2836 1562 2866 675
1587 2848 1600 2865 ε
1626 2837 1701 2866 127.
1909 2835 1939 2876 f
1959 2848 1971 2864 ε
1994 2834 2072 2865 456.

380 2898 401 2926 μ
428 2891 455 2916 iv
481 2888 556 2918 726.
747 2887 767 2917 lz
789 2890 817 2917 A
843 2889 919 2918 308.
1110 2888 1121 2918 ι·
1143 2902 1165 2925 μ
1191 2889 1244 2919 62.
1429 2887 1451 2927 j
1475 2891 1507 2918 x
1531 2889 1596 2918 886
1621 2888 1714 2918 alibi.
1908 2887 1928 2916 lc
1950 2899 1970 2916 a
1996 2888 2071 2916 242.

386 2939 399 2968 l
420 2944 438 2969 Ι
462 2941 537 2970 526.
802 2950 829 2969 m
855 2952 871 2980 ρ
896 2941 972 2975 425,
998 2940 1059 2970 511
1088 2952 1105 2970 υ
1130 2941 1203 2970 195.
1461 2951 1481 2969 n
1505 2940 1604 2970 Hom.
1629 2939 1664 2969 in
1689 2940 1882 2978 composito
1909 2940 2073 2977 ὀχετηγόσ.

382 3000 398 3019 0
424 2991 675 3033 ἄκλαυ(σ)τοσΧ
699 2994 762 3023 386
787 2993 803 3022 δ
829 2993 892 3022 494
917 2995 932 3021 λ
958 2993 1010 3028 54,
1037 2993 1088 3027 72,
1113 2993 1307 3030 ἄγνω(σ)τοσ
1330 2997 1350 3032 β
1380 2993 1441 3023 175
1467 3005 1483 3021 ν
1509 2994 1583 3028 191,
1609 2993 1685 3028 397,
1709 2993 1800 3031 plur.
1823 2993 1959 3029 ἀγνῶτεσ
1981 3003 1993 3020 ε
2017 2992 2070 3021 79-

378 3057 401 3084 J„
426 3046 505 3082 Pag.
521 3046 582 3074 221
598 3044 695 3074 a—d.
829 3055 846 3084 q
869 3045 935 3074 Res
956 3043 1060 3074 etiam
1082 3046 1115 3074 in
1128 3045 1245 3082 lingua
1259 3045 1366 3074 latina
1380 3045 1584 3084 pervulgata
1598 3045 1679 3080 fuit;
1695 3044 1852 3082 exemplo
1864 3044 1908 3073 eit
1921 3043 2071 3073 invictus.

384 3108 399 3126 r
426 3101 442 3126 Ι
465 3099 527 3127 406
553 3106 629 3135 sqq.
794 3107 809 3126 s
834 3101 862 3126 Ζ
889 3098 964 3126 434.
1146 3099 1158 3126 t
1183 3097 1271 3127 Nota
1297 3096 1317 3127 l.
1501 3108 1520 3127 u
1544 3097 1604 3127 Ex.
1628 3105 1677 3134 gr.
1702 3098 1824 3136 τάφροσ
1847 3097 1970 3136 ὀρυκτή,
1995 3095 2067 3130 ὄξοσ

251 3151 375 3187 ἑψηιόν.
506 3159 523 3178 υ
551 3149 611 3178 Ex.
637 3158 685 3186 gr.
710 3150 743 3178 in
769 3149 949 3179 adiectivis
973 3148 1123 3178 εὔτακτοι)
1148 3151 1182 3178 et
1206 3150 1353 3179 ἄτακτοσ.
