2234 3443
155 131 178 176 ἓ
211 131 253 175 6]
682 139 735 166 DE
768 137 1010 167 vocALIBUS
1042 138 1093 165 ET
1126 136 1436 165 DIPHTHONGIS.
1922 129 1976 167 59

153 253 459 303 pronuntiandi
485 253 728 302 profectam
757 254 801 302 et
827 262 925 291 cum
956 251 1055 290 aliis
1082 251 1244 289 similis
1271 251 1596 290 inconstantiae
1624 252 1837 300 exemplis
1863 252 1978 291 haud

153 321 410 359 cunctanter
451 320 710 360 abolendam
750 319 876 358 esse”
910 318 1076 367 optimo
1108 319 1202 357 iure
1236 320 1358 356 ratus
1390 317 1601 356 Ricardus
1633 318 1781 365 Payne
1812 319 1978 366 Knight

151 393 289 437 ψᾶρασ
319 387 468 436 edidit),
502 389 551 426 ut
582 392 739 436 ψᾶρῶν.

268 454 326 493 At
366 455 404 493 si
446 454 650 493 audiendi
691 464 776 493 non
819 454 923 492 sunt
965 452 1038 500 qui
1072 452 1319 500 exquisitas
1351 452 1564 500 quasdam
1598 452 1800 490 dictionis
1832 453 1977 501 epicae

151 531 333 560 veneres
377 522 448 561 hic
495 531 732 569 agnoscere
780 521 862 559 sibi
911 523 1018 558 sunt
1060 520 1156 568 visi,
1202 522 1403 568 superest
1435 529 1589 567 rogare
1621 520 1840 558 undenam
1872 520 1978 559 haec

149 588 439 635 inaequalitas
471 589 531 627 sit
563 590 672 627 orta.

265 655 422 695 Paucis
462 656 608 694 verbis
649 654 902 704 responderi
944 656 1110 702 potest:
1155 654 1336 701 longum
1370 653 1501 702 alpha
1532 654 1574 691 in
1606 654 1660 691 iis
1692 655 1974 702 potissimum

147 722 330 770 syllabis
360 722 582 762 invenitur
613 732 799 771 quarum
832 722 918 760 alia
949 721 1034 760 fuit
1065 730 1274 760 mensura
1300 722 1344 759 in
1362 721 1512 769 lingua
1529 722 1770 760 recentiore
1783 729 1815 760 a.
1835 721 1976 760 Salvis

146 790 343 828 numeris
374 790 468 829 dici,
490 800 576 828 non
608 790 751 838 potuit
780 789 878 827 λεώσ
903 798 979 837 pro
1012 787 1122 836 λᾶόσ,
1153 799 1228 836 pro
1258 783 1362 826 -6'coev
1394 788 1463 827 vel
1494 799 1560 826 -ᾶο
1593 798 1679 827 non
1712 790 1854 837 potuit
1880 787 1974 826 -έων

148 857 216 896 vel
236 871 306 895 -εω
333 858 490 907 lonico,
518 867 658 905 neque
685 863 762 894 -ῶν
789 857 857 895 vel
878 871 945 894 -ov
978 856 1147 903 Attice;
1181 857 1255 895 ubi
1289 867 1391 896 vero
1424 859 1616 895 metrum
1644 866 1729 895 non
1758 856 1975 905 obstabat,

145 924 416 973 irrepserunt
446 925 613 963 formae
645 925 925 973 recentioreS,
960 934 1029 963 ex,
1063 935 1125 972 gr.
1159 924 1382 972 genitivus
1418 924 1658 973 Πηληϊάδεω
1692 927 1867 975 Ἀχιλῆοσ
1898 934 1974 973 pro

149 995 430 1050 Πκληϊάδᾶ’(ο)
461 1001 507 1039 in
539 1001 731 1049 primum
765 1009 945 1039 versum
978 999 1143 1040 Iliadis,
1613 978 1654 991 ψ

288 1067 382 1107 Hoc
427 1071 700 1116 argumento,
751 1068 863 1116 quod
906 1068 1192 1116 simplicitate
1226 1068 1575 1117 commendatur,
1610 1070 1839 1117 Augustus
1871 1068 1974 1106 Fick

146 1135 208 1173 ita
239 1137 307 1174 est
338 1145 446 1174 usus
474 1138 522 1174 ut
549 1136 742 1175 Homero
770 1137 938 1184 passim
967 1136 1210 1173 vindicaret
1236 1145 1395 1174 sonum
1423 1136 1604 1182 c2;hunc
1624 1147 1781 1175 sonum
1800 1135 1976 1174 saeculo

146 1201 203 1238 V0
233 1203 413 1241 ineunte
456 1203 528 1242 ubi
571 1202 664 1242 fieri
704 1205 877 1251 poterat
917 1204 960 1241 in
995 1218 1018 1240 κ
1052 1204 1278 1241 mutatum
1314 1213 1411 1242 esse
1445 1213 1469 1241 a
1500 1204 1719 1252 rhapsodo
1751 1203 1975 1250 Cynaetho

147 1268 264 1318 Chio,
292 1270 497 1309 Aeolicam
524 1273 673 1309 autem
704 1271 950 1309 carminum
979 1271 1201 1318 epicorum
1230 1271 1443 1319 originem
1471 1272 1552 1310 hoc
1569 1273 1828 1320 argumento
1846 1281 1973 1318 posse

145 1336 452 1377 demonstrari.
504 1337 580 1377 Cui
632 1339 723 1376 viro
773 1338 900 1377 docto
944 1339 1179 1386 quominus
1222 1338 1543 1387 adstipulemur
1575 1339 1684 1377 duae
1716 1338 1974 1387 praesertim

145 1404 323 1444 obstant
369 1415 539 1444 causae.
590 1405 781 1454 Quarum
829 1406 945 1454 prior
991 1406 1098 1444 haec
1146 1408 1227 1454 est,
1272 1407 1384 1454 quod
1426 1415 1450 1442 ᾶ
1487 1406 1529 1445 in
1563 1407 1689 1445 textu
1719 1406 1892 1454 tradito,
1927 1408 1974 1444 ut

146 1472 276 1511 modo
318 1473 482 1512 dictum
510 1475 591 1521 est,
627 1474 761 1512 etiam
796 1473 903 1512 locis
937 1473 1052 1511 haud
1087 1474 1148 1511 ita
1180 1474 1331 1521 paucis
1362 1474 1584 1512 invenitur
1615 1474 1728 1512 unde
1760 1473 1977 1512 removeri

144 1541 315 1588 poterat
356 1541 480 1579 salvo
521 1542 663 1579 metro
706 1550 847 1588 neque
891 1541 1031 1578 invita
1073 1541 1262 1579 dictione
1304 1541 1400 1579 aevi
1432 1541 1703 1588 recentioris,
1737 1551 1805 1579 ex.
1838 1550 1899 1588 gr.
1931 1540 1974 1578 in

145 1607 375 1647 decantato
406 1608 481 1646 illo
513 1613 656 1656 ψᾶρῶν
690 1607 757 1646 vel
791 1608 834 1645 in
869 1617 973 1646 voce
999 1606 1095 1645 λᾶόσ
1128 1608 1345 1655 huiusque
1373 1608 1627 1656 compositis
1641 1606 1668 1646 b.
1698 1608 1816 1656 Quod
1835 1607 1973 1645 multo

144 1676 292 1714 autem
325 1675 517 1724 gravius,
551 1676 594 1713 in
626 1676 681 1713 iis
713 1685 883 1722 quoque
917 1676 1164 1714 carminum
1198 1676 1419 1723 epicorum
1455 1676 1663 1724 partibus,
1693 1685 1803 1722 quae
1828 1674 1974 1712 Fickio

142 1743 476 1781 recentissimae
525 1743 646 1781 visae
695 1745 811 1792 sunt,
862 1743 1030 1791 passim
1073 1743 1360 1782 inveniuntur
1400 1743 1653 1782 huiusmodi
1694 1744 1859 1781 formae
1900 1741 1974 1780 illo

142 1809 285 1848 iudice
316 1810 369 1849 ab
411 1810 558 1849 Ionica
592 1810 777 1849 dialecto
812 1811 996 1849 alienae.
1030 1832 1087 1836 —-
1123 1810 1316 1858 „Nempe
1349 1810 1602 1858 Cynaethus
1634 1809 1869 1849 artificiosa
1900 1808 1974 1847 illa

147 1876 376 1926 „dictione‚
434 1888 565 1925 quam
609 1878 776 1926 peperit
819 1878 889 1916 Ias
932 1888 1031 1916 cum
1075 1878 1220 1926 prisco
1263 1878 1484 1916 Aeolismo
1527 1878 1781 1926 commixta,
1830 1877 1873 1914 in
1919 1876 1974 1914 iis

145 1954 342 1993 „quoque
383 1945 581 1983 versibus
622 1955 730 1983 usus
774 1947 854 1993 est,
899 1955 1007 1992 quos
1050 1945 1101 1983 de
1144 1955 1223 1983 suo
1256 1945 1466 1994 pepigit'',
1497 1944 1787 1994 respondebat
1818 1943 1972 1982 Fickc:

146 2012 286 2060 „quod
325 2022 426 2051 vero
467 2011 563 2049 λᾶόσ
597 2012 635 2050 ei
668 2011 766 2050 λκόσ
800 2022 887 2052 non
922 2014 990 2050 est
1022 2012 1207 2060 factum,
1241 2012 1341 2050 inde
1375 2012 1559 2050 efficitur
1590 2013 1710 2050 illam
1744 2021 1896 2050 vocem
1927 2011 1971 2049 in

145 2078 309 2127 „ipsius
354 2078 505 2127 lingua
547 2079 745 2117 iambum
783 2078 1009 2127 effecisse,
1051 2079 1163 2127 λεώσ,
1210 2079 1580 2126 quemadmodum
1623 2082 1667 2118 et
1707 2079 1972 2117 recentiores

145 2145 302 2194 „Iones
357 2148 487 2194 atque
542 2147 836 2185 Athenienses
889 2149 992 2185 sunt
1025 2147 1206 2185 locuti.'’
1257 2168 1307 2172 a*
1361 2146 1529 2194 Ergone
1576 2146 1674 2185 λκόσ
1720 2146 1839 2194 illud,
1888 2156 1971 2193 quo

143 2213 378 2262 Hipponax
426 2224 532 2253 usus
565 2224 662 2253 esse
696 2215 847 2263 fertur,
881 2215 999 2252 intra
1030 2224 1269 2262 paucorum
1298 2224 1512 2253 annorum
1542 2214 1735 2263 spatium
1754 2214 1815 2252 ita
1833 2213 1970 2252 exole-

144 2280 256 2318 verit
295 2282 344 2319 ut
384 2291 438 2320 ne
470 2282 514 2320 in
547 2282 693 2330 prisca
723 2282 899 2329 quidem
932 2282 1052 2330 poesi
1085 2281 1316 2320 tolerabile
1348 2282 1584 2330 videretur,
1618 2282 1852 2329 minusque
1884 2283 1971 2319 iam

143 2347 382 2387 offenderet
412 2358 547 2388 sonus
574 2355 598 2385 ἃ
627 2349 678 2387 ab
708 2349 809 2388 Iade
837 2351 943 2388 tunc
975 2349 1180 2387 alienus?
1206 2349 1296 2397 Ipsi
1315 2351 1466 2388 autem
1499 2349 1618 2388 Iones
1644 2350 1688 2387 in
1706 2347 1972 2389 carminibus

143 2415 277 2463 epicis
318 2415 501 2454 audiunt
527 2410 692 2465 Ἰἅονεσ,
728 2419 770 2455 et
803 2417 909 2456 deus
941 2427 1044 2465 prae
1078 2416 1236 2455 ceteris
1270 2416 1358 2455 illis
1390 2416 1537 2455 cultus
1564 2416 1683 2455 audit
1713 2410 1969 2454 Ποσειὸἅωνε

144 2482 252 2522 haec
294 2493 463 2534 quoque
495 2484 675 2522 nomina
707 2483 960 2532 Cynaethus
993 2495 1047 2523 ex
1080 2484 1254 2523 Aeolicis
1285 2483 1503 2532 aliquibus
1535 2484 1803 2523 carminibus
1834 2485 1971 2521 trans-

144 2550 354 2588 sumserit
394 2550 591 2589 intacta?
634 2551 691 2589 At
734 2551 840 2590 deus
872 2551 959 2599 ille,
994 2551 1067 2599 qui
1102 2551 1299 2590 Corinthi
1330 2546 1634 2603 Homd‘osscfmvd,
1669 2551 1779 2599 apud
1811 2550 1971 2589 Aeoles

146 2615 324 2655 Ποτίδᾶν
364 2617 435 2656 vel
476 2616 728 2668 flooet'dmve,
773 2619 817 2657 in
859 2619 1090 2657 Thessalia
1130 2616 1402 2668 Hotec'dovvf,
1446 2619 1490 2657 in
1533 2619 1718 2659 Arcadia
1752 2611 1972 2664 Ποσοιὸἅν,

142 2683 257 2722 inter
302 2684 537 2724 Dorienses
585 2681 816 2738 Hot(s)c‹55'cv
862 2686 930 2725 vel
973 2680 1178 2724 Ποσειδᾶν
1219 2686 1363 2725 dictus
1405 2688 1485 2735 est,
1529 2687 1707 2725 ubinam
1740 2685 1826 2723 nisi
1857 2685 1971 2723 inter

141 2752 320 2797 gentem
376 2752 574 2792 Ionicam
632 2755 808 2793 nomine
861 2753 1136 2802 productiore
1184 2748 1422 2792 Ποσειδᾶων
1469 2754 1614 2792 vocari
1661 2753 1764 2792 olim
1811 2751 1989 2800 potuit„

143 2817 339 2857 Ionicum
387 2821 539 2858 autem
585 2831 746 2860 nomen
794 2818 1026 2859 Ποσειδέων
1074 2821 1296 2860 undenam
1344 2822 1446 2860 oriri
1493 2821 1577 2859 nisi
1625 2830 1680 2859 ex
1726 2819 1968 2866 antiquiore

231 2952 251 2972 a
277 2943 367 2979 „Dae
390 2943 491 2981 lange
515 2956 556 2974 α.
570 2967 577 2974 .
593 2966 599 2973 .
613 2943 674 2973 hat
699 2944 774 2974 sich
798 2944 854 2974 bei
878 2943 1008 2974 Homer
1030 2942 1166 2974 iiberall
1189 2943 1233 2974 da
1258 2944 1425 2979 erhalten,
1440 2951 1489 2973 wo
1510 2942 1586 2973 sich
1607 2942 1681 2972 eine
1695 2940 1969 2979 entsprechende

146 2994 322 3030 „ionische
346 2996 436 3026 form
459 2997 523 3026 mit
546 3009 562 3035 η
585 2996 683 3027 nicht
707 2996 810 3026 dafiir
833 2997 1013 3027 einsetzen
1036 2997 1155 3034 liess'’,
1179 2996 1263 3027 Fick
1287 2996 1410 3034 Odyss.
1436 2996 1486 3026 16.
1733 2993 1748 3023 b
1775 2994 1857 3031 Pag.
1884 2993 1924 3024 57
1935 3003 1968 3032 q.

276 3057 293 3078 c
315 3048 437 3086 Odyss.
463 3049 538 3080 279.
696 3048 719 3079 d
740 3048 894 3080 Corinth.
921 3050 1007 3079 3119
1021 3059 1052 3080 a.
1207 3058 1224 3080 e
1247 3049 1349 3079 Lesb.
1375 3046 1488 3079 25512.
1641 3045 1666 3084 f
1684 3046 1806 3077 Thess.
1829 3046 1968 3077 Nachtr.

148 3098 248 3135 1321,
271 3100 369 3135 1322,
397 3101 495 3131 1324.
