2234 3443
126 198 150 242 5
185 195 283 241 130]
577 205 632 234 nn
662 205 901 234 AUGMENTO
931 206 982 234 ΕΤ
1014 206 1069 234 nn
1099 205 1487 234 REDUPLIOATIONE.
1716 183 1723 189 ’
1857 203 1942 241 259

242 321 364 365 (tn-o)
399 316 678 369 ἐβουλεύσατο,
713 318 944 370 ξὐνέβλητο,
967 317 1180 370 ἐβόμβησε,
1208 316 1436 368 ἀνώρουσα,
1466 317 1674 359 ἐπίτναντο
1689 328 1718 359 α.

243 388 341 431 (-υ-)
373 383 553 438 ἀγόρευε,
583 384 773 438 ἀράβησε,
804 385 994 436 ἀτίταλλε,
1024 384 1233 435 ὠλέκοντο,
1263 382 1451 435 ὠνόμαζε.

242 461 312 500 Sic
342 462 386 500 in
417 463 694 501 vetustorum
726 464 955 511 poetarum
986 464 1079 501 arte
1110 472 1207 500 mos
1238 462 1502 500 necessitate
1532 464 1709 510 genitus
1740 475 1946 514 augmen-

124 528 219 567 tum
265 538 341 577 pro
387 529 523 568 nihilo
564 530 829 568 numerandi
867 529 1034 569 sensim
1074 528 1315 567 increbruit
1352 530 1397 567 et
1428 529 1562 568 latius
1594 532 1768 579 serpsit.
1807 533 1947 572 Passi-

127 605 231 634 vum
272 594 441 647 ἀγόμην,
484 596 597 643 quod
637 597 935 636 necessarium
976 598 1082 644 erat,
1124 606 1276 634 secum
1318 596 1455 634 traxit
1487 597 1682 636 activum
1713 597 1826 649 ἄγον,
1865 610 1948 648 quo

126 671 198 701 ars
242 663 364 712 epica.
408 665 579 711 poterat
625 673 794 711 carere;
842 674 947 703 mox
995 663 1231 703 cuiuslibet
1274 662 1394 701 verbi
1434 666 1724 711 augmentum
1757 668 1950 714 qualibet

126 738 335 768 versuum
377 729 479 768 sede
519 732 648 769 extra
688 740 896 770 numeros
928 730 1130 769 collocari
1162 739 1290 778 posse
1321 729 1467 768 visum
1511 731 1590 780 est,
1628 734 1671 770 et
1702 734 1867 781 passim
1900 745 1950 774 ea

125 795 329 835 libertate
356 798 423 836 usi
449 800 553 837 sunt
578 800 732 846 poetae
759 798 910 837 Iliadis
935 800 1064 846 atque
1092 797 1329 845 Odysseae.
1357 797 1416 836 Eo
1443 798 1537 837 iure
1563 799 1651 838 iam
1680 800 1953 842 habebantur

127 856 197 913 ἆγε
221 858 469 915 (ἦγε)-ἅγε,
491 859 705 914 εἷλε-ἕλε,
731 863 1060 914 ὤλεσε-ὄλεσσε,
1086 864 1265 913 Similia,
1296 874 1378 911 quo
1398 857 1512 914 ἶΑρεσ
1523 863 1697 916 -’Ἀρεσ,
1713 869 1948 916 μείλινοσ-

127 925 302 979 μέλινοσ,
330 928 675 982 οὔνομα-ὄνομα
688 930 718 972 ὂ,

248 996 358 1037 Ante
386 999 564 1038 vocalem
596 1001 883 1048 augmentum
914 998 1158 1047 temporale
1191 998 1442 1046 neglectum
1469 999 1579 1037 nihil
1607 1000 1798 1040 habebat
1824 1003 1955 1043 licen-

126 1065 229 1115 tiae,
271 1067 476 1114 quoniam
513 1067 826 1115 vulgatissima
866 1067 910 1104 in
949 1066 1098 1114 lingua
1136 1065 1300 1104 Graeca
1337 1065 1420 1103 fuit
1462 1065 1617 1114 longae
1651 1069 1816 1108 vocalis
1850 1074 1952 1111 ante

126 1134 326 1174 vocalem
357 1135 610 1183 correptioc.
644 1135 714 1174 Sic
751 1137 856 1174 nata
897 1137 1000 1174 sunt
1038 1135 1277 1183 praeterita
1308 1131 1445 1183 ἄεσαν,
1478 1134 1593 1183 διάει,
1624 1133 1803 1185 ἀάσθην,
1833 1135 1951 1188 ἄειρε,

127 1198 247 1251 ἄειδε,
275 1200 422 1252 ἀέξετο,
450 1201 551 1252 ἄϊεν,
581 1200 725 1251 ἅῦσαν,
754 1202 889 1252 ἔᾶσασ,
918 1201 1082 1251 ἰαίνετο,
1111 1201 1263 1249 ἴαλλον,
1293 1201 1426 1251 ἴαυον,
1456 1202 1646 1252 προΐαψε,
1677 1201 1739 1252 ἵει,
1754 1200 1953 1254 ὀϊζύομεν,

127 1265 302 1319 ὀΐσσατο,
331 1269 431 1308 alia.
464 1268 559 1308 Post
587 1271 766 1309 vocalem
793 1272 942 1308 autem
969 1270 1258 1317 augmentum
1291 1269 1555 1316 syllabicum
1587 1269 1721 1309 etiam
1754 1281 1780 1310 a
1811 1273 1951 1320 poetis

129 1336 320 1376 Homero
360 1337 675 1376 recentioribus
716 1348 846 1385 saepe
886 1339 955 1376 est
997 1346 1295 1385 suppressum,
1340 1339 1383 1375 et
1415 1347 1568 1375 verum
1600 1337 1849 1377 indicarunt
1878 1340 1952 1387 qui

128 1404 313 1443 traditas
344 1404 494 1443 Iliadis
522 1404 695 1444 litteras
727 1405 913 1455 δηφαμεν
945 1404 1222 1452 interpretati
1255 1405 1360 1442 sunt
1392 1402 1441 1453 δὴ
1474 1403 1627 1453 ἔφαμεν
1641 1401 1674 1443 d.

250 1470 471 1510 Licentiae
512 1473 608 1511 tum
648 1473 825 1511 demum
859 1471 1167 1519 indulgebatur
1196 1481 1298 1510 cum
1330 1471 1451 1510 verbi
1485 1474 1625 1511 metro
1658 1472 1830 1512 heroico
1863 1475 1952 1523 apti

131 1538 442 1587 neglegebatur
488 1542 777 1588 augmentum
824 1550 910 1578 non
951 1540 1224 1578 submissum
1268 1549 1476 1578 caesurae
1518 1539 1586 1578 vel
1622 1549 1782 1588 pausae
1813 1551 1954 1589 neque

131 1607 231 1655 post
262 1606 331 1645 vel
361 1608 465 1645 ante
495 1608 691 1646 vocalem
724 1607 1013 1654 collocatum;
1044 1617 1111 1647 ex.
1143 1617 1228 1655 gr.:

428 1668 484 1712 ὦσ
509 1670 651 1722 ἔφαθ’·
683 1674 726 1711 αἳ
757 1670 795 1711 δ’
832 1672 909 1723 ἄρα
941 1679 1015 1711 τῗισ
1045 1673 1150 1723 μάλα
1183 1670 1255 1722 μὲν
1287 1668 1442 1713 ’κλύον
1475 1669 1539 1722 ἠδ’
1576 1671 1802 1712 ἐπίθοντοθ.

427 1738 493 1778 καὶ
525 1738 595 1778 τὰσ
625 1739 696 1790 μὲν
729 1738 882 1780 ’σεῦαν
913 1739 1093 1790 ποταμὸν
1125 1739 1232 1791 πάρα
1266 1740 1452 1778 δινάεντα
1466 1738 1496 1779 f.

250 1875 408 1914 Paucis
453 1875 599 1914 verbis
657 1876 706 1913 ut
751 1875 1146 1923 comprehendatur
1194 1875 1326 1913 huius
1373 1875 1684 1923 disputationis
1730 1885 1953 1925 summm,

132 1945 420 1992 augmentum

910 2001 1172 2049 syllabicum
1590 2001 1835 2049 temporale

249 2063 443 2120 legiturlz
470 2070 577 2109 locis
974 2069 1090 2108 5294
1660 2070 1775 2107 3513

253 2138 353 2178 addi
378 2135 546 2187 potesti
1003 2137 1089 2175 982
1691 2137 1776 2174 423

239 2228 241 2230 >
1091 2211 1207 2250 6276
1779 2212 1893 2250 3936

137 2348 386 2397 neglectum
404 2349 470 2387 est
487 2348 630 2386 metro
648 2348 829 2395 cogente
1006 2347 1092 2384 450
1691 2345 1774 2384 407

259 2445 276 2464 „
435 2445 452 2463 ‚,
492 2424 648 2453 versus
678 2414 804 2452 initio
979 2414 1091 2452 1053

261 2513 278 2530 „
438 2512 455 2530 „
491 2483 590 2531 post
621 2490 847 2520 caesuram
1007 2480 1092 2518 843

260 2579 278 2596 „
439 2579 456 2597 „
492 2551 592 2596 post
610 2547 765 2595 pedem
798 2548 885 2586 4¹²¹11
1007 2547 1092 2585 510

262 2646 279 2664 ,‚
438 2646 455 2664 „
494 2617 593 2664 post
607 2615 927 2663 iumdactylum
1036 2616 1089 2652 41

261 2710 279 2728 ‚‚
440 2711 456 2728 „
494 2683 593 2728 post
623 2682 820 2722 vocalem
1001 2682 1086 2720 506
1270 2682 1372 2720 ante
1399 2680 1596 2719 vocalem
1694 2681 1777 2718 195

260 2778 278 2797 ‚,
439 2778 455 2796 „
493 2748 587 2787 sine
603 2750 720 2788 iusta
737 2759 871 2788 causa
981 2749 1092 2786 1140
1665 2747 1780 2807 Q

1098 2823 1213 2862 4543
1786 2822 1912 2860 1955.

229 2946 249 2966 a
273 2937 473 2967 Formarum
498 2936 698 2973 tribrachyn
721 2936 776 2966 vel
799 2937 1029 2975 antispastum
1054 2934 1140 2975 (υυυ
1163 2937 1218 2966 vel
1242 2934 1351 2976 υ--υ)
1375 2935 1600 2965 efficientium
1625 2933 1693 2964 nisi
1718 2943 1822 2965 sonus
1845 2933 1961 2964 finalis

139 2993 273 3024 elisione
300 2994 571 3025 imminuebatur
601 2997 661 3024 aut
689 2994 949 3033 producebatur
972 2994 1148 3035 positione,
1182 2994 1351 3024 initialem
1383 3002 1505 3023 sonum
1533 2993 1669 3031 neglegi
1704 3001 1846 3023 necesse
1878 2996 1961 3023 erat.

275 3045 292 3076 b
317 3047 334 3084 ἓ
360 3048 400 3077 18
425 3049 459 3077 et
481 3047 535 3077 38.
724 3055 740 3076 c
767 3047 856 3083 517.
1087 3046 1110 3076 d
1136 3049 1161 3078 Θ
1185 3048 1262 3077 229.
1462 3047 1506 3079 εζ
1528 3046 1603 3075 247.
1827 3045 1884 3083 fc
1907 3046 1960 3075 89.

271 3108 293 3138 9
317 3097 538 3138 Computavit
562 3098 695 3129 amicus
720 3099 861 3128 Mendes
888 3098 930 3128 da
959 3099 1073 3129 Costa.
1310 3097 1330 3128 k
1352 3096 1431 3128 Sive
1457 3096 1492 3126 in
1519 3100 1618 3136 parte
1643 3096 1803 3127 codicum
1829 3098 1900 3127 sive
1925 3098 1959 3126 in

143 3151 288 3181 cunctis.
466 3151 537 3181 iIn
562 3152 650 3181 hanc
675 3160 847 3182 summam
871 3152 902 3181 ei
927 3160 1066 3189 quoque
1090 3160 1213 3182 versus
1236 3153 1318 3181 sunt
1341 3151 1483 3188 recepti,
1503 3151 1631 3188 quibus
1655 3152 1881 3188 augmentum
1895 3151 1962 3188 syl-
