<?xml version="1.0" encoding="UTF-8"?>
<!DOCTYPE html PUBLIC "-//W3C//DTD XHTML 1.0 Transitional//EN"
    "http://www.w3.org/TR/xhtml1/DTD/xhtml1-transitional.dtd">
<html xmlns="http://www.w3.org/1999/xhtml" xml:lang="en" lang="en">
 <head>
  <title>
</title>
<meta http-equiv="Content-Type" content="text/html;charset=utf-8" />
  <meta name='ocr-system' content='tesseract 3.04.00' />
  <meta name='ocr-capabilities' content='ocr_page ocr_carea ocr_par ocr_line ocrx_word'/>
</head>
<body>
  <div class='ocr_page' id='page_1' title='image "./enchiridiumdicti00leeuuoft_0252.png"; bbox 0 0 2234 3443; ppageno 0'>
   <div class='ocr_carea' id='block_1_1' title="bbox 276 178 2092 224">
    <p class='ocr_par' dir='ltr' id='par_1_1' title="bbox 276 178 2092 224">
     <span class='ocr_line' id='line_1_1' title="bbox 276 178 2092 224; baseline -0.003 -2"><span class='ocrx_word' id='word_1_1' title='bbox 276 183 361 222; x_wconf 81' lang='lat'>228</span> <span class='ocrx_word' id='word_1_2' title='bbox 559 191 613 218; x_wconf 74' lang='lat' dir='ltr'>on</span> <span class='ocrx_word' id='word_1_3' title='bbox 644 188 858 218; x_wconf 70' lang='grc' dir='ltr'>ηΕΧῙοΝΕ</span> <span class='ocrx_word' id='word_1_4' title='bbox 889 187 1125 216; x_wconf 81' lang='lat' dir='ltr'><strong>VERBORUM</strong></span> <span class='ocrx_word' id='word_1_5' title='bbox 1156 186 1506 215; x_wconf 75' lang='lat' dir='ltr'>OBSERVATIONES</span> <span class='ocrx_word' id='word_1_6' title='bbox 1537 186 1805 216; x_wconf 78' lang='lat' dir='ltr'><strong>GENERALES.</strong></span> <span class='ocrx_word' id='word_1_7' title='bbox 1937 178 1976 224; x_wconf 65' lang='grc' dir='ltr'>[ἓ</span> <span class='ocrx_word' id='word_1_8' title='bbox 2011 178 2092 217; x_wconf 87' lang='grc'>109</span> 
     </span>
    </p>
   </div>
   <div class='ocr_carea' id='block_1_2' title="bbox 391 300 2096 350">
    <p class='ocr_par' dir='ltr' id='par_1_2' title="bbox 391 300 2096 350">
     <span class='ocr_line' id='line_1_2' title="bbox 391 300 2096 350; baseline -0.002 -6"><span class='ocrx_word' id='word_1_9' title='bbox 391 305 476 344; x_wconf 90' lang='lat' dir='ltr'>Ubi</span> <span class='ocrx_word' id='word_1_10' title='bbox 521 313 623 342; x_wconf 87' lang='lat' dir='ltr'>vero</span> <span class='ocrx_word' id='word_1_11' title='bbox 669 312 739 341; x_wconf 85' lang='lat' dir='ltr'>res</span> <span class='ocrx_word' id='word_1_12' title='bbox 786 300 1106 350; x_wconf 86' lang='lat' dir='ltr'>praeterlapsas</span> <span class='ocrx_word' id='word_1_13' title='bbox 1152 302 1197 338; x_wconf 80' lang='lat' dir='ltr'>ut</span> <span class='ocrx_word' id='word_1_14' title='bbox 1235 300 1545 348; x_wconf 66' lang='lat' dir='ltr'><em>praeterlapsae</em></span> <span class='ocrx_word' id='word_1_15' title='bbox 1590 300 1815 349; x_wconf 86' lang='lat' dir='ltr'>referebat,</span> <span class='ocrx_word' id='word_1_16' title='bbox 1858 301 2096 341; x_wconf 86' lang='lat' dir='ltr'>indicativo</span> 
     </span>
    </p>
   </div>
   <div class='ocr_carea' id='block_1_3' title="bbox 274 368 1895 484">
    <p class='ocr_par' dir='ltr' id='par_1_3' title="bbox 274 368 1895 484">
     <span class='ocr_line' id='line_1_3' title="bbox 274 368 1212 420; baseline -0.009 -8"><span class='ocrx_word' id='word_1_17' title='bbox 274 373 490 420; x_wconf 81' lang='lat' dir='ltr'>utebatur,</span> <span class='ocrx_word' id='word_1_18' title='bbox 518 373 568 409; x_wconf 89' lang='lat' dir='ltr'>ut</span> <span class='ocrx_word' id='word_1_19' title='bbox 600 369 732 409; x_wconf 87' lang='lat' dir='ltr'>ceteri</span> <span class='ocrx_word' id='word_1_20' title='bbox 764 368 989 414; x_wconf 87' lang='lat' dir='ltr'>homines;</span> <span class='ocrx_word' id='word_1_21' title='bbox 1024 376 1091 405; x_wconf 66' lang='grc' dir='ltr'>εκ.</span> <span class='ocrx_word' id='word_1_22' title='bbox 1125 377 1212 414; x_wconf 88' lang='lat' dir='ltr'>gr.:</span> 
     </span>
     <span class='ocr_line' id='line_1_4' title="bbox 627 429 1895 484; baseline -0.001 -10"><span class='ocrx_word' id='word_1_23' title='bbox 627 435 697 474; x_wconf 80' lang='grc' dir='ltr'>καί</span> <span class='ocrx_word' id='word_1_24' title='bbox 726 435 775 473; x_wconf 86' lang='grc' dir='ltr'>νύ</span> <span class='ocrx_word' id='word_1_25' title='bbox 807 429 849 474; x_wconf 78' lang='grc' dir='ltr'>κ’</span> <span class='ocrx_word' id='word_1_26' title='bbox 882 432 936 471; x_wconf 78' lang='grc' dir='ltr'><strong><em>ἔτι</em></strong></span> <span class='ocrx_word' id='word_1_27' title='bbox 966 431 1141 471; x_wconf 82' lang='grc' dir='ltr'><strong><em>πλέονασ</em></strong></span> <span class='ocrx_word' id='word_1_28' title='bbox 1171 433 1338 471; x_wconf 84' lang='grc' dir='ltr'><strong><em>Λυκίων</em></strong></span> <span class='ocrx_word' id='word_1_29' title='bbox 1368 430 1521 472; x_wconf 79' lang='grc' dir='ltr'><strong><em>’κτάνε</em></strong></span> <span class='ocrx_word' id='word_1_30' title='bbox 1552 433 1640 471; x_wconf 80' lang='grc' dir='ltr'><strong><em>δῖοσ</em></strong></span> <span class='ocrx_word' id='word_1_31' title='bbox 1664 429 1895 484; x_wconf 80' lang='grc' dir='ltr'><strong><em>Ὀδυσσεύσ,</em></strong></span> 
     </span>
    </p>
   </div>
   <div class='ocr_carea' id='block_1_4' title="bbox 627 496 1785 551">
    <p class='ocr_par' dir='ltr' id='par_1_4' title="bbox 627 496 1785 551">
     <span class='ocr_line' id='line_1_5' title="bbox 627 496 1785 551; baseline -0.002 -11"><span class='ocrx_word' id='word_1_32' title='bbox 627 502 662 540; x_wconf 86' lang='grc' dir='ltr'>εἰ</span> <span class='ocrx_word' id='word_1_33' title='bbox 691 500 744 551; x_wconf 84' lang='grc' dir='ltr'>μὴ</span> <span class='ocrx_word' id='word_1_34' title='bbox 776 497 839 548; x_wconf 68' lang='grc' dir='ltr'>ἄρ’</span> <span class='ocrx_word' id='word_1_35' title='bbox 875 497 945 546; x_wconf 80' lang='grc' dir='ltr'>ὀξὺ</span> <span class='ocrx_word' id='word_1_36' title='bbox 971 496 1108 549; x_wconf 87' lang='grc' dir='ltr'><em>’νόησε</em></span> <span class='ocrx_word' id='word_1_37' title='bbox 1140 497 1265 550; x_wconf 79' lang='grc' dir='ltr'><strong><em>μέγασ</em></strong></span> <span class='ocrx_word' id='word_1_38' title='bbox 1295 497 1743 550; x_wconf 79' lang='grc' dir='ltr'><strong><em>κορυθαιόλοσ”Εκτωρ</em></strong></span> <span class='ocrx_word' id='word_1_39' title='bbox 1755 509 1785 538; x_wconf 73' lang='grc' dir='ltr'>α.</span> 
     </span>
    </p>
   </div>
   <div class='ocr_carea' id='block_1_5' title="bbox 265 634 2123 2499">
    <p class='ocr_par' dir='ltr' id='par_1_5' title="bbox 265 634 2123 2499">
     <span class='ocr_line' id='line_1_6' title="bbox 392 634 1612 687; baseline -0.004 -10"><span class='ocrx_word' id='word_1_40' title='bbox 392 637 636 687; x_wconf 74' lang='lat' dir='ltr'>separatim</span> <span class='ocrx_word' id='word_1_41' title='bbox 668 634 888 674; x_wconf 81' lang='lat' dir='ltr'>tractandi</span> <span class='ocrx_word' id='word_1_42' title='bbox 919 635 1024 672; x_wconf 86' lang='lat' dir='ltr'>sunt</span> <span class='ocrx_word' id='word_1_43' title='bbox 1056 643 1211 672; x_wconf 87' lang='lat' dir='ltr'>versus</span> <span class='ocrx_word' id='word_1_44' title='bbox 1243 634 1315 681; x_wconf 89' lang='lat' dir='ltr'>qui</span> <span class='ocrx_word' id='word_1_45' title='bbox 1347 636 1612 681; x_wconf 86' lang='lat' dir='ltr'>sequuntur:</span> 
     </span>
     <span class='ocr_line' id='line_1_7' title="bbox 627 698 1695 754; baseline 0 -12"><span class='ocrx_word' id='word_1_46' title='bbox 627 700 667 742; x_wconf 79' lang='grc' dir='ltr'>εἰ</span> <span class='ocrx_word' id='word_1_47' title='bbox 699 700 771 751; x_wconf 84' lang='grc' dir='ltr'>μέν</span> <span class='ocrx_word' id='word_1_48' title='bbox 801 714 860 740; x_wconf 90' lang='grc' dir='ltr'><strong><em>τισ</em></strong></span> <span class='ocrx_word' id='word_1_49' title='bbox 891 700 959 739; x_wconf 86' lang='grc' dir='ltr'>τὸν</span> <span class='ocrx_word' id='word_1_50' title='bbox 991 699 1148 749; x_wconf 78' lang='grc' dir='ltr'><strong><em>ὄνειρον</em></strong></span> <span class='ocrx_word' id='word_1_51' title='bbox 1181 703 1342 750; x_wconf 79' lang='grc' dir='ltr'><em>Ἀχαιῶν</em></span> <span class='ocrx_word' id='word_1_52' title='bbox 1374 699 1494 738; x_wconf 56' lang='lat' dir='ltr'>&amp;Aaou</span> <span class='ocrx_word' id='word_1_53' title='bbox 1527 698 1695 754; x_wconf 73' lang='grc' dir='ltr'>ἐνίῦπε,</span> 
     </span>
     <span class='ocr_line' id='line_1_8' title="bbox 627 766 1790 821; baseline -0.001 -14"><span class='ocrx_word' id='word_1_54' title='bbox 627 768 783 817; x_wconf 80' lang='grc' dir='ltr'><strong><em>ψεῦδόσ</em></strong></span> <span class='ocrx_word' id='word_1_55' title='bbox 815 779 895 808; x_wconf 80' lang='grc' dir='ltr'>κεν</span> <span class='ocrx_word' id='word_1_56' title='bbox 928 770 1096 821; x_wconf 79' lang='grc' dir='ltr'><strong><em>φαῖμεν</em></strong></span> <span class='ocrx_word' id='word_1_57' title='bbox 1129 766 1195 805; x_wconf 80' lang='grc' dir='ltr'>καὶ</span> <span class='ocrx_word' id='word_1_58' title='bbox 1228 766 1566 820; x_wconf 71' lang='grc' dir='ltr'>νοσφιζοίμεθα</span> <span class='ocrx_word' id='word_1_59' title='bbox 1597 771 1746 818; x_wconf 76' lang='grc' dir='ltr'><strong><em>μᾶλλον</em></strong></span> <span class='ocrx_word' id='word_1_60' title='bbox 1759 766 1790 818; x_wconf 82' lang='lat' dir='ltr'>b,</span> 
     </span>
     <span class='ocr_line' id='line_1_9' title="bbox 271 834 2096 888; baseline -0.002 -9"><span class='ocrx_word' id='word_1_61' title='bbox 271 841 314 879; x_wconf 93' lang='lat' dir='ltr'>in</span> <span class='ocrx_word' id='word_1_62' title='bbox 355 839 511 888; x_wconf 88' lang='lat' dir='ltr'>quibus</span> <span class='ocrx_word' id='word_1_63' title='bbox 552 836 803 885; x_wconf 82' lang='lat' dir='ltr'>agnoscitur</span> <span class='ocrx_word' id='word_1_64' title='bbox 841 836 910 874; x_wconf 86' lang='lat' dir='ltr'>vis</span> <span class='ocrx_word' id='word_1_65' title='bbox 951 835 1179 884; x_wconf 86' lang='lat' dir='ltr'>primitiva</span> <span class='ocrx_word' id='word_1_66' title='bbox 1219 835 1459 883; x_wconf 83' lang='lat' dir='ltr'>particulae</span> <span class='ocrx_word' id='word_1_67' title='bbox 1502 834 1584 883; x_wconf 68' lang='lat'>⁵²⁶3</span> <span class='ocrx_word' id='word_1_68' title='bbox 1617 845 1721 875; x_wconf 90' lang='lat' dir='ltr'>narn</span> <span class='ocrx_word' id='word_1_69' title='bbox 1755 836 1958 885; x_wconf 83' lang='lat' dir='ltr'>parataxi</span> <span class='ocrx_word' id='word_1_70' title='bbox 1990 836 2096 875; x_wconf 86' lang='lat' dir='ltr'>haec</span> 
     </span>
     <span class='ocr_line' id='line_1_10' title="bbox 272 902 2095 952; baseline -0.003 -6"><span class='ocrx_word' id='word_1_71' title='bbox 272 906 406 946; x_wconf 87' lang='lat' dir='ltr'>verba</span> <span class='ocrx_word' id='word_1_72' title='bbox 451 905 682 944; x_wconf 84' lang='lat' dir='ltr'>coniuncta</span> <span class='ocrx_word' id='word_1_73' title='bbox 723 905 841 952; x_wconf 79' lang='lat' dir='ltr'>sunt,</span> <span class='ocrx_word' id='word_1_74' title='bbox 883 902 947 941; x_wconf 86' lang='lat' dir='ltr'>sic</span> <span class='ocrx_word' id='word_1_75' title='bbox 978 903 1127 941; x_wconf 86' lang='lat' dir='ltr'>autem</span> <span class='ocrx_word' id='word_1_76' title='bbox 1160 902 1508 950; x_wconf 85' lang='lat' dir='ltr'>interpretanda:</span> <span class='ocrx_word' id='word_1_77' title='bbox 1541 913 1765 942; x_wconf 79' lang='lat' dir='ltr'><em>sumamus</em></span> <span class='ocrx_word' id='word_1_78' title='bbox 1795 903 1927 942; x_wconf 88' lang='lat' dir='ltr'>alium</span> <span class='ocrx_word' id='word_1_79' title='bbox 1959 913 2095 951; x_wconf 78' lang='lat' dir='ltr'>quem-</span> 
     </span>
     <span class='ocr_line' id='line_1_11' title="bbox 265 970 2095 1023; baseline -0.002 -10"><span class='ocrx_word' id='word_1_80' title='bbox 265 976 388 1023; x_wconf 85' lang='lat' dir='ltr'>piam</span> <span class='ocrx_word' id='word_1_81' title='bbox 414 972 519 1011; x_wconf 82' lang='lat' dir='ltr'><em>illud</em></span> <span class='ocrx_word' id='word_1_82' title='bbox 543 971 756 1011; x_wconf 76' lang='lat' dir='ltr'>somnium</span> <span class='ocrx_word' id='word_1_83' title='bbox 779 970 1004 1009; x_wconf 78' lang='lat' dir='ltr'><em>rettulisse:</em></span> <span class='ocrx_word' id='word_1_84' title='bbox 1029 970 1251 1009; x_wconf 75' lang='lat' dir='ltr'>mendacia</span> <span class='ocrx_word' id='word_1_85' title='bbox 1271 979 1460 1009; x_wconf 82' lang='lat' dir='ltr'>vocemus</span> <span class='ocrx_word' id='word_1_86' title='bbox 1481 970 1612 1018; x_wconf 73' lang='lat' dir='ltr'>iyitur</span> <span class='ocrx_word' id='word_1_87' title='bbox 1631 973 1664 1009; x_wconf 80' lang='lat' dir='ltr'>el</span> <span class='ocrx_word' id='word_1_88' title='bbox 1690 971 1959 1019; x_wconf 76' lang='lat' dir='ltr'>neyleyamus</span> <span class='ocrx_word' id='word_1_89' title='bbox 1981 970 2095 1009; x_wconf 86' lang='lat' dir='ltr'>sive:</span> 
     </span>
     <span class='ocr_line' id='line_1_12' title="bbox 271 1036 882 1087; baseline -0.008 -6"><span class='ocrx_word' id='word_1_90' title='bbox 271 1036 511 1080; x_wconf 84' lang='lat' dir='ltr'>vocabimus</span> <span class='ocrx_word' id='word_1_91' title='bbox 542 1041 576 1077; x_wconf 84' lang='lat' dir='ltr'>et</span> <span class='ocrx_word' id='word_1_92' title='bbox 607 1039 882 1087; x_wconf 74' lang='lat' dir='ltr'>neyleyemuS.</span> 
     </span>
     <span class='ocr_line' id='line_1_13' title="bbox 388 1105 1304 1146; baseline -0.002 0"><span class='ocrx_word' id='word_1_93' title='bbox 388 1108 551 1146; x_wconf 88' lang='lat' dir='ltr'>Eadem</span> <span class='ocrx_word' id='word_1_94' title='bbox 583 1107 700 1145; x_wconf 82' lang='lat' dir='ltr'>dicta</span> <span class='ocrx_word' id='word_1_95' title='bbox 732 1108 862 1144; x_wconf 83' lang='lat' dir='ltr'>sunto</span> <span class='ocrx_word' id='word_1_96' title='bbox 895 1106 947 1144; x_wconf 89' lang='lat' dir='ltr'>de</span> <span class='ocrx_word' id='word_1_97' title='bbox 979 1105 1047 1143; x_wconf 88' lang='lat' dir='ltr'>his</span> <span class='ocrx_word' id='word_1_98' title='bbox 1081 1105 1304 1145; x_wconf 85' lang='lat' dir='ltr'>versibus:</span> 
     </span>
     <span class='ocr_line' id='line_1_14' title="bbox 627 1167 1796 1224; baseline -0.003 -12"><span class='ocrx_word' id='word_1_99' title='bbox 627 1170 667 1212; x_wconf 84' lang='grc' dir='ltr'>εἰ</span> <span class='ocrx_word' id='word_1_100' title='bbox 699 1169 771 1222; x_wconf 82' lang='grc' dir='ltr'>μὲν</span> <span class='ocrx_word' id='word_1_101' title='bbox 802 1173 876 1223; x_wconf 76' lang='grc' dir='ltr'>γάρ</span> <span class='ocrx_word' id='word_1_102' title='bbox 909 1172 968 1209; x_wconf 86' lang='grc' dir='ltr'>τίσ</span> <span class='ocrx_word' id='word_1_103' title='bbox 1000 1167 1043 1221; x_wconf 85' lang='grc' dir='ltr'>μ’</span> <span class='ocrx_word' id='word_1_104' title='bbox 1079 1169 1201 1209; x_wconf 77' lang='grc' dir='ltr'><strong><em>ἅλλοσ</em></strong></span> <span class='ocrx_word' id='word_1_105' title='bbox 1233 1170 1478 1222; x_wconf 80' lang='grc' dir='ltr'><strong><em>ἐπιχθονίων</em></strong></span> <span class='ocrx_word' id='word_1_106' title='bbox 1511 1168 1796 1224; x_wconf 78' lang='grc' dir='ltr'>ἑκὲλευε,...</span> 
     </span>
     <span class='ocr_line' id='line_1_15' title="bbox 625 1236 1791 1292; baseline -0.001 -15"><span class='ocrx_word' id='word_1_107' title='bbox 625 1238 782 1288; x_wconf 83' lang='grc' dir='ltr'>ψεῦδόσ</span> <span class='ocrx_word' id='word_1_108' title='bbox 816 1250 895 1279; x_wconf 81' lang='grc' dir='ltr'>κεν</span> <span class='ocrx_word' id='word_1_109' title='bbox 929 1241 1096 1292; x_wconf 77' lang='grc' dir='ltr'><strong><em>φαῖμεν</em></strong></span> <span class='ocrx_word' id='word_1_110' title='bbox 1128 1237 1195 1277; x_wconf 82' lang='grc' dir='ltr'>καὶ</span> <span class='ocrx_word' id='word_1_111' title='bbox 1226 1236 1564 1292; x_wconf 65' lang='grc' dir='ltr'>νοσφιζοίμεθα</span> <span class='ocrx_word' id='word_1_112' title='bbox 1596 1242 1744 1288; x_wconf 76' lang='grc' dir='ltr'><strong><em>μᾶλλον</em></strong></span> <span class='ocrx_word' id='word_1_113' title='bbox 1758 1236 1791 1277; x_wconf 87' lang='lat' dir='ltr'>d.</span> 
     </span>
     <span class='ocr_line' id='line_1_16' title="bbox 390 1306 1619 1354; baseline -0.003 -6"><span class='ocrx_word' id='word_1_114' title='bbox 390 1309 490 1348; x_wconf 88' lang='lat' dir='ltr'>Alia</span> <span class='ocrx_word' id='word_1_115' title='bbox 522 1310 590 1347; x_wconf 90' lang='lat' dir='ltr'>est</span> <span class='ocrx_word' id='word_1_116' title='bbox 621 1308 735 1346; x_wconf 87' lang='lat' dir='ltr'>ratio</span> <span class='ocrx_word' id='word_1_117' title='bbox 767 1307 1047 1354; x_wconf 81' lang='lat' dir='ltr'>sequentium</span> <span class='ocrx_word' id='word_1_118' title='bbox 1079 1306 1314 1346; x_wconf 86' lang='lat' dir='ltr'>verborum</span> <span class='ocrx_word' id='word_1_119' title='bbox 1347 1306 1619 1346; x_wconf 83' lang='lat' dir='ltr'>Telemachi:</span> 
     </span>
     <span class='ocr_line' id='line_1_17' title="bbox 684 1370 1652 1425; baseline -0.001 -14"><span class='ocrx_word' id='word_1_120' title='bbox 684 1376 818 1411; x_wconf 84' lang='grc' dir='ltr'><strong><em>κεῖνον</em></strong></span> <span class='ocrx_word' id='word_1_121' title='bbox 849 1370 922 1422; x_wconf 84' lang='grc' dir='ltr'>μὲν</span> <span class='ocrx_word' id='word_1_122' title='bbox 955 1371 1116 1425; x_wconf 37' lang='grc' dir='ltr'><strong><em>ἅιριστον</em></strong></span> <span class='ocrx_word' id='word_1_123' title='bbox 1147 1372 1340 1423; x_wconf 79' lang='grc' dir='ltr'><strong><em>ἐποίησαν</em></strong></span> <span class='ocrx_word' id='word_1_124' title='bbox 1372 1371 1461 1423; x_wconf 78' lang='grc' dir='ltr'><em>περὶ</em></span> <span class='ocrx_word' id='word_1_125' title='bbox 1491 1373 1652 1410; x_wconf 83' lang='grc' dir='ltr'><strong><em>πάντων</em></strong></span> 
     </span>
     <span class='ocr_line' id='line_1_18' title="bbox 627 1434 1890 1493; baseline 0.001 -15"><span class='ocrx_word' id='word_1_126' title='bbox 627 1439 873 1490; x_wconf 78' lang='grc' dir='ltr'><strong><em>ἀνθρώπων·</em></strong></span> <span class='ocrx_word' id='word_1_127' title='bbox 908 1438 991 1478; x_wconf 80' lang='grc' dir='ltr'><em>ἐπεὶ</em></span> <span class='ocrx_word' id='word_1_128' title='bbox 1025 1439 1072 1479; x_wconf 75' lang='grc' dir='ltr'>οὔ</span> <span class='ocrx_word' id='word_1_129' title='bbox 1106 1452 1160 1480; x_wconf 79' lang='grc' dir='ltr'>κε</span> <span class='ocrx_word' id='word_1_130' title='bbox 1191 1440 1365 1479; x_wconf 83' lang='grc' dir='ltr'><strong><em>θανόντι</em></strong></span> <span class='ocrx_word' id='word_1_131' title='bbox 1395 1454 1467 1489; x_wconf 76' lang='grc' dir='ltr'>περ</span> <span class='ocrx_word' id='word_1_132' title='bbox 1500 1434 1567 1478; x_wconf 78' lang='grc' dir='ltr'>ὧδ’</span> <span class='ocrx_word' id='word_1_133' title='bbox 1605 1437 1890 1493; x_wconf 71' lang='grc' dir='ltr'>ἀκαχοίμην,</span> 
     </span>
     <span class='ocr_line' id='line_1_19' title="bbox 628 1504 1475 1561; baseline -0.002 -14"><span class='ocrx_word' id='word_1_134' title='bbox 628 1505 668 1547; x_wconf 83' lang='grc' dir='ltr'>εἰ</span> <span class='ocrx_word' id='word_1_135' title='bbox 699 1507 794 1557; x_wconf 84' lang='grc' dir='ltr'><strong><em>μετὰ</em></strong></span> <span class='ocrx_word' id='word_1_136' title='bbox 825 1504 931 1559; x_wconf 64' lang='lat' dir='ltr'>fofo’</span> <span class='ocrx_word' id='word_1_137' title='bbox 971 1504 1138 1557; x_wconf 79' lang='grc' dir='ltr'><strong><em>ἕτάροισ’</em></strong></span> <span class='ocrx_word' id='word_1_138' title='bbox 1176 1504 1328 1561; x_wconf 81' lang='grc' dir='ltr'>ἐδάμη</span> <span class='ocrx_word' id='word_1_139' title='bbox 1360 1505 1475 1555; x_wconf 45' lang='lat' dir='ltr'>mae,</span> 
     </span>
     <span class='ocr_line' id='line_1_20' title="bbox 273 1572 2098 1626; baseline -0.002 -10"><span class='ocrx_word' id='word_1_140' title='bbox 273 1587 489 1626; x_wconf 77' lang='lat' dir='ltr'><em>nusquam</em></span> <span class='ocrx_word' id='word_1_141' title='bbox 517 1573 754 1624; x_wconf 79' lang='lat' dir='ltr'><em>comparuit</em></span> <span class='ocrx_word' id='word_1_142' title='bbox 779 1578 926 1623; x_wconf 81' lang='lat' dir='ltr'>pater:</span> <span class='ocrx_word' id='word_1_143' title='bbox 958 1585 1080 1622; x_wconf 78' lang='lat' dir='ltr'>quem</span> <span class='ocrx_word' id='word_1_144' title='bbox 1111 1573 1150 1612; x_wconf 74' lang='lat' dir='ltr'>si</span> <span class='ocrx_word' id='word_1_145' title='bbox 1180 1574 1259 1613; x_wconf 77' lang='lat' dir='ltr'>rite</span> <span class='ocrx_word' id='word_1_146' title='bbox 1289 1575 1494 1623; x_wconf 84' lang='lat' dir='ltr'>sepultum</span> <span class='ocrx_word' id='word_1_147' title='bbox 1525 1575 1671 1622; x_wconf 85' lang='lat' dir='ltr'>sciam,</span> <span class='ocrx_word' id='word_1_148' title='bbox 1705 1584 1789 1613; x_wconf 77' lang='lat' dir='ltr'>non</span> <span class='ocrx_word' id='word_1_149' title='bbox 1820 1572 1881 1613; x_wconf 84' lang='lat' dir='ltr'>sic</span> <span class='ocrx_word' id='word_1_150' title='bbox 1911 1577 1954 1612; x_wconf 81' lang='lat' dir='ltr'>ul</span> <span class='ocrx_word' id='word_1_151' title='bbox 1986 1584 2098 1612; x_wconf 81' lang='lat' dir='ltr'>nunc</span> 
     </span>
     <span class='ocr_line' id='line_1_21' title="bbox 271 1641 2099 1694; baseline -0.003 -9"><span class='ocrx_word' id='word_1_152' title='bbox 271 1647 446 1694; x_wconf 65' lang='lat' dir='ltr'>lugeam.</span> <span class='ocrx_word' id='word_1_153' title='bbox 484 1644 562 1682; x_wconf 88' lang='lat' dir='ltr'>Rei</span> <span class='ocrx_word' id='word_1_154' title='bbox 594 1643 875 1691; x_wconf 85' lang='lat' dir='ltr'>negationem</span> <span class='ocrx_word' id='word_1_155' title='bbox 908 1643 978 1680; x_wconf 89' lang='lat' dir='ltr'>hic</span> <span class='ocrx_word' id='word_1_156' title='bbox 1011 1652 1097 1681; x_wconf 94' lang='lat' dir='ltr'>non</span> <span class='ocrx_word' id='word_1_157' title='bbox 1129 1642 1262 1681; x_wconf 86' lang='lat' dir='ltr'>habet</span> <span class='ocrx_word' id='word_1_158' title='bbox 1292 1641 1326 1679; x_wconf 81' lang='grc' dir='ltr'>εἰ</span> <span class='ocrx_word' id='word_1_159' title='bbox 1355 1641 1498 1691; x_wconf 79' lang='grc' dir='ltr'>ἐδάμη,</span> <span class='ocrx_word' id='word_1_160' title='bbox 1529 1642 1604 1680; x_wconf 87' lang='lat' dir='ltr'>sed</span> <span class='ocrx_word' id='word_1_161' title='bbox 1638 1641 1894 1690; x_wconf 83' lang='lat' dir='ltr'>simpliciter</span> <span class='ocrx_word' id='word_1_162' title='bbox 1925 1642 2099 1690; x_wconf 85' lang='lat' dir='ltr'>ponitur</span> 
     </span>
     <span class='ocr_line' id='line_1_22' title="bbox 271 1706 2098 1752; baseline -0.003 0"><span class='ocrx_word' id='word_1_163' title='bbox 271 1724 363 1752; x_wconf 88' lang='lat' dir='ltr'>res:</span> <span class='ocrx_word' id='word_1_164' title='bbox 406 1710 444 1749; x_wconf 84' lang='lat' dir='ltr'>si</span> <span class='ocrx_word' id='word_1_165' title='bbox 488 1709 595 1749; x_wconf 78' lang='lat' dir='ltr'>inter</span> <span class='ocrx_word' id='word_1_166' title='bbox 638 1707 735 1748; x_wconf 77' lang='lat' dir='ltr'>belli</span> <span class='ocrx_word' id='word_1_167' title='bbox 766 1708 895 1747; x_wconf 81' lang='lat' dir='ltr'>socios</span> <span class='ocrx_word' id='word_1_168' title='bbox 927 1706 1043 1747; x_wconf 75' lang='lat' dir='ltr'>obiit.</span> <span class='ocrx_word' id='word_1_169' title='bbox 1078 1710 1342 1748; x_wconf 82' lang='lat' dir='ltr'>Persuasum</span> <span class='ocrx_word' id='word_1_170' title='bbox 1375 1711 1523 1748; x_wconf 80' lang='lat' dir='ltr'>tamen</span> <span class='ocrx_word' id='word_1_171' title='bbox 1555 1711 1624 1748; x_wconf 83' lang='lat' dir='ltr'>est</span> <span class='ocrx_word' id='word_1_172' title='bbox 1655 1709 1804 1747; x_wconf 87' lang='lat' dir='ltr'>iuveni</span> <span class='ocrx_word' id='word_1_173' title='bbox 1835 1708 1921 1747; x_wconf 84' lang='lat' dir='ltr'>alia</span> <span class='ocrx_word' id='word_1_174' title='bbox 1951 1709 2098 1747; x_wconf 83' lang='lat' dir='ltr'>omnia</span> 
     </span>
     <span class='ocr_line' id='line_1_23' title="bbox 272 1775 2066 1826; baseline -0.003 -7"><span class='ocrx_word' id='word_1_175' title='bbox 272 1780 506 1826; x_wconf 83' lang='lat' dir='ltr'>accidisse3</span> <span class='ocrx_word' id='word_1_176' title='bbox 544 1778 807 1826; x_wconf 88' lang='lat' dir='ltr'>quapropter</span> <span class='ocrx_word' id='word_1_177' title='bbox 838 1777 968 1815; x_wconf 89' lang='lat' dir='ltr'>modo</span> <span class='ocrx_word' id='word_1_178' title='bbox 1001 1777 1240 1815; x_wconf 85' lang='lat' dir='ltr'>indicativo</span> <span class='ocrx_word' id='word_1_179' title='bbox 1274 1787 1382 1815; x_wconf 88' lang='lat' dir='ltr'>usus</span> <span class='ocrx_word' id='word_1_180' title='bbox 1413 1779 1462 1815; x_wconf 87' lang='lat' dir='ltr'>ut</span> <span class='ocrx_word' id='word_1_181' title='bbox 1493 1777 1536 1815; x_wconf 91' lang='lat' dir='ltr'>in</span> <span class='ocrx_word' id='word_1_182' title='bbox 1568 1786 1614 1815; x_wconf 90' lang='lat' dir='ltr'>re</span> <span class='ocrx_word' id='word_1_183' title='bbox 1646 1777 1775 1825; x_wconf 86' lang='lat' dir='ltr'>certa,</span> <span class='ocrx_word' id='word_1_184' title='bbox 1810 1776 1875 1816; x_wconf 85' lang='lat' dir='ltr'>sic</span> <span class='ocrx_word' id='word_1_185' title='bbox 1904 1775 2066 1824; x_wconf 83' lang='lat' dir='ltr'>pergit:</span> 
     </span>
     <span class='ocr_line' id='line_1_24' title="bbox 625 1841 1793 1895; baseline 0 -14"><span class='ocrx_word' id='word_1_186' title='bbox 625 1850 694 1881; x_wconf 86' lang='grc' dir='ltr'>τῶι</span> <span class='ocrx_word' id='word_1_187' title='bbox 726 1842 795 1881; x_wconf 80' lang='grc' dir='ltr'>κέν</span> <span class='ocrx_word' id='word_1_188' title='bbox 826 1857 897 1895; x_wconf 53' lang='grc' dir='ltr'>ιμοι</span> <span class='ocrx_word' id='word_1_189' title='bbox 928 1843 1082 1893; x_wconf 83' lang='grc' dir='ltr'><strong><em>τύμβον</em></strong></span> <span class='ocrx_word' id='word_1_190' title='bbox 1114 1843 1186 1892; x_wconf 85' lang='grc' dir='ltr'>μὲν</span> <span class='ocrx_word' id='word_1_191' title='bbox 1218 1842 1414 1892; x_wconf 79' lang='grc' dir='ltr'><strong><em>ἐποίησαν</em></strong></span> <span class='ocrx_word' id='word_1_192' title='bbox 1447 1843 1676 1894; x_wconf 84' lang='grc' dir='ltr'><strong><em>Παναχαιοί</em></strong></span> <span class='ocrx_word' id='word_1_193' title='bbox 1704 1841 1793 1892; x_wconf 56' lang='lat' dir='ltr'>mg„</span> 
     </span>
     <span class='ocr_line' id='line_1_25' title="bbox 269 1905 2096 1965; baseline -0.002 -14"><span class='ocrx_word' id='word_1_194' title='bbox 269 1907 418 1965; x_wconf 73' lang='lat' dir='ltr'>quodsi</span> <span class='ocrx_word' id='word_1_195' title='bbox 463 1906 527 1949; x_wconf 69' lang='lat' dir='ltr'>ita</span> <span class='ocrx_word' id='word_1_196' title='bbox 573 1908 754 1959; x_wconf 78' lang='lat' dir='ltr'>obiisset,</span> <span class='ocrx_word' id='word_1_197' title='bbox 805 1907 1029 1960; x_wconf 78' lang='lat' dir='ltr'>honorifice</span> <span class='ocrx_word' id='word_1_198' title='bbox 1076 1912 1179 1948; x_wconf 75' lang='lat' dir='ltr'>esset</span> <span class='ocrx_word' id='word_1_199' title='bbox 1225 1908 1443 1962; x_wconf 77' lang='lat' dir='ltr'><em>sepullus;</em></span> <span class='ocrx_word' id='word_1_200' title='bbox 1487 1913 1532 1948; x_wconf 77' lang='lat' dir='ltr'>al</span> <span class='ocrx_word' id='word_1_201' title='bbox 1569 1905 1769 1962; x_wconf 71' lang='lat' dir='ltr'>procellis</span> <span class='ocrx_word' id='word_1_202' title='bbox 1810 1911 1870 1948; x_wconf 78' lang='lat' dir='ltr'>est</span> <span class='ocrx_word' id='word_1_203' title='bbox 1902 1906 2096 1962; x_wconf 80' lang='lat' dir='ltr'>abreptus</span> 
     </span>
     <span class='ocr_line' id='line_1_26' title="bbox 268 1974 2101 2031; baseline -0.001 -13"><span class='ocrx_word' id='word_1_204' title='bbox 268 1978 459 2031; x_wconf 76' lang='lat' dir='ltr'>nullique</span> <span class='ocrx_word' id='word_1_205' title='bbox 491 1975 640 2018; x_wconf 69' lang='lat' dir='ltr'>emmae</span> <span class='ocrx_word' id='word_1_206' title='bbox 671 1974 905 2029; x_wconf 77' lang='lat' dir='ltr'>adspectus.</span> <span class='ocrx_word' id='word_1_207' title='bbox 941 1977 1031 2016; x_wconf 85' lang='lat' dir='ltr'>Sibi</span> <span class='ocrx_word' id='word_1_208' title='bbox 1059 1979 1193 2026; x_wconf 85' lang='lat' dir='ltr'>igitur</span> <span class='ocrx_word' id='word_1_209' title='bbox 1224 1978 1472 2026; x_wconf 81' lang='lat' dir='ltr'>obloquitur</span> <span class='ocrx_word' id='word_1_210' title='bbox 1503 1979 1611 2017; x_wconf 81' lang='lat' dir='ltr'>haec</span> <span class='ocrx_word' id='word_1_211' title='bbox 1641 1978 1790 2016; x_wconf 86' lang='lat' dir='ltr'>dicens</span> <span class='ocrx_word' id='word_1_212' title='bbox 1822 1977 2101 2026; x_wconf 82' lang='lat' dir='ltr'>perturbatae</span> 
     </span>
     <span class='ocr_line' id='line_1_27' title="bbox 268 2045 2123 2087; baseline -0.002 0"><span class='ocrx_word' id='word_1_213' title='bbox 268 2048 430 2087; x_wconf 84' lang='lat' dir='ltr'>mentis</span> <span class='ocrx_word' id='word_1_214' title='bbox 477 2047 671 2085; x_wconf 89' lang='lat' dir='ltr'>iuvenis:</span> <span class='ocrx_word' id='word_1_215' title='bbox 721 2055 807 2084; x_wconf 89' lang='lat' dir='ltr'>non</span> <span class='ocrx_word' id='word_1_216' title='bbox 854 2046 971 2084; x_wconf 81' lang='lat' dir='ltr'>inest</span> <span class='ocrx_word' id='word_1_217' title='bbox 1018 2047 1111 2084; x_wconf 89' lang='lat' dir='ltr'>eius</span> <span class='ocrx_word' id='word_1_218' title='bbox 1161 2046 1304 2084; x_wconf 85' lang='lat' dir='ltr'>verbis</span> <span class='ocrx_word' id='word_1_219' title='bbox 1346 2046 1556 2084; x_wconf 84' lang='lat' dir='ltr'>indicium</span> <span class='ocrx_word' id='word_1_220' title='bbox 1597 2045 1798 2084; x_wconf 86' lang='lat' dir='ltr'>dictionis</span> <span class='ocrx_word' id='word_1_221' title='bbox 1840 2046 2042 2084; x_wconf 85' lang='lat' dir='ltr'>vetustae</span> <span class='ocrx_word' id='word_1_222' title='bbox 2073 2055 2123 2084; x_wconf 86' lang='lat' dir='ltr'>a.</span> 
     </span>
     <span class='ocr_line' id='line_1_28' title="bbox 268 2113 846 2162; baseline 0 -9"><span class='ocrx_word' id='word_1_223' title='bbox 268 2114 511 2153; x_wconf 84' lang='lat' dir='ltr'>recentiore</span> <span class='ocrx_word' id='word_1_224' title='bbox 544 2113 846 2162; x_wconf 67' lang='lat' dir='ltr'>discrepantis</span> 
     </span>
     <span class='ocr_line' id='line_1_29' title="bbox 387 2180 1225 2229; baseline -0.001 -10"><span class='ocrx_word' id='word_1_225' title='bbox 387 2180 587 2229; x_wconf 82' lang='lat' dir='ltr'>Corrupti</span> <span class='ocrx_word' id='word_1_226' title='bbox 618 2181 805 2228; x_wconf 87' lang='lat' dir='ltr'>denique</span> <span class='ocrx_word' id='word_1_227' title='bbox 838 2180 882 2218; x_wconf 89' lang='lat' dir='ltr'>hi</span> <span class='ocrx_word' id='word_1_228' title='bbox 913 2181 1019 2218; x_wconf 87' lang='lat' dir='ltr'>sunt</span> <span class='ocrx_word' id='word_1_229' title='bbox 1050 2190 1225 2218; x_wconf 85' lang='lat' dir='ltr'>versus:</span> 
     </span>
     <span class='ocr_line' id='line_1_30' title="bbox 624 2244 1729 2297; baseline -0.001 -12"><span class='ocrx_word' id='word_1_230' title='bbox 624 2247 671 2285; x_wconf 86' lang='grc' dir='ltr'>οὐ</span> <span class='ocrx_word' id='word_1_231' title='bbox 705 2244 776 2296; x_wconf 83' lang='grc' dir='ltr'>μὲν</span> <span class='ocrx_word' id='word_1_232' title='bbox 807 2245 881 2297; x_wconf 79' lang='grc' dir='ltr'>γὰρ</span> <span class='ocrx_word' id='word_1_233' title='bbox 915 2246 1098 2295; x_wconf 63' lang='lat' dir='ltr'>quidum</span> <span class='ocrx_word' id='word_1_234' title='bbox 1130 2245 1370 2296; x_wconf 80' lang='grc' dir='ltr'><strong><em>ἐκεύθανον,</em></strong></span> <span class='ocrx_word' id='word_1_235' title='bbox 1402 2246 1440 2284; x_wconf 84' lang='grc' dir='ltr'>εἴ</span> <span class='ocrx_word' id='word_1_236' title='bbox 1465 2257 1526 2284; x_wconf 92' lang='grc' dir='ltr'><strong><em>τισ</em></strong></span> <span class='ocrx_word' id='word_1_237' title='bbox 1556 2246 1680 2284; x_wconf 78' lang='grc' dir='ltr'><strong><em>ἴδοιτο</em></strong></span> <span class='ocrx_word' id='word_1_238' title='bbox 1701 2244 1729 2284; x_wconf 73' lang='lat' dir='ltr'>f.</span> 
     </span>
     <span class='ocr_line' id='line_1_31' title="bbox 741 2311 1641 2364; baseline -0.002 -12"><span class='ocrx_word' id='word_1_239' title='bbox 741 2312 789 2352; x_wconf 76' lang='grc' dir='ltr'>οὔ</span> <span class='ocrx_word' id='word_1_240' title='bbox 821 2311 889 2352; x_wconf 79' lang='grc' dir='ltr'>κέν</span> <span class='ocrx_word' id='word_1_241' title='bbox 920 2313 980 2351; x_wconf 89' lang='grc' dir='ltr'>τίσ</span> <span class='ocrx_word' id='word_1_242' title='bbox 1012 2329 1080 2354; x_wconf 87' lang='grc' dir='ltr'><strong><em>μιν</em></strong></span> <span class='ocrx_word' id='word_1_243' title='bbox 1112 2312 1300 2363; x_wconf 81' lang='grc' dir='ltr'><strong><em>ἐρυκάκοι</em></strong></span> <span class='ocrx_word' id='word_1_244' title='bbox 1331 2312 1641 2364; x_wconf 67' lang='grc' dir='ltr'><strong><em>ἀντιβολήσασθ.</em></strong></span> 
     </span>
     <span class='ocr_line' id='line_1_32' title="bbox 623 2376 1658 2430; baseline 0 -12"><span class='ocrx_word' id='word_1_245' title='bbox 623 2376 706 2418; x_wconf 80' lang='grc' dir='ltr'><strong>ἀλλ’</strong></span> <span class='ocrx_word' id='word_1_246' title='bbox 744 2379 805 2418; x_wconf 84' lang='grc' dir='ltr'>ὅτε</span> <span class='ocrx_word' id='word_1_247' title='bbox 839 2380 887 2430; x_wconf 81' lang='grc' dir='ltr'>δὴ</span> <span class='ocrx_word' id='word_1_248' title='bbox 920 2380 1068 2418; x_wconf 80' lang='grc' dir='ltr'><strong><em>κοίτοιο</em></strong></span> <span class='ocrx_word' id='word_1_249' title='bbox 1101 2379 1167 2418; x_wconf 80' lang='grc' dir='ltr'>καὶ</span> <span class='ocrx_word' id='word_1_250' title='bbox 1199 2380 1333 2419; x_wconf 83' lang='grc' dir='ltr'><strong><em>ὕπνου</em></strong></span> <span class='ocrx_word' id='word_1_251' title='bbox 1365 2382 1658 2430; x_wconf 74' lang='grc' dir='ltr'><strong><em>μιμνήισκοιτο,</em></strong></span> 
     </span>
     <span class='ocr_line' id='line_1_33' title="bbox 623 2444 1550 2499; baseline 0.001 -15"><span class='ocrx_word' id='word_1_252' title='bbox 623 2448 648 2484; x_wconf 72' lang='grc' dir='ltr'>ἷὶ</span> <span class='ocrx_word' id='word_1_253' title='bbox 681 2445 752 2496; x_wconf 81' lang='grc' dir='ltr'>μὲν</span> <span class='ocrx_word' id='word_1_254' title='bbox 785 2444 913 2497; x_wconf 79' lang='grc' dir='ltr'><strong><em>δέμνι’</em></strong></span> <span class='ocrx_word' id='word_1_255' title='bbox 948 2446 1104 2499; x_wconf 70' lang='grc' dir='ltr'><strong><em>ἄνωγεν</em></strong></span> <span class='ocrx_word' id='word_1_256' title='bbox 1136 2446 1401 2497; x_wconf 82' lang='grc' dir='ltr'><strong><em>ὑποστορέσαι</em></strong></span> <span class='ocrx_word' id='word_1_257' title='bbox 1432 2445 1550 2486; x_wconf 69' lang='grc' dir='ltr'><strong><em>κτὲ.Ῐ’.</em></strong></span> 
     </span>
    </p>
   </div>
   <div class='ocr_carea' id='block_1_6' title="bbox 267 2578 2091 2766">
    <p class='ocr_par' dir='ltr' id='par_1_6' title="bbox 267 2578 2091 2766">
     <span class='ocr_line' id='line_1_34' title="bbox 390 2578 2091 2635; baseline -0.001 -13"><span class='ocrx_word' id='word_1_258' title='bbox 390 2583 593 2631; x_wconf 80' lang='lat' dir='ltr'>optativo</span> <span class='ocrx_word' id='word_1_259' title='bbox 626 2582 669 2619; x_wconf 83' lang='lat' dir='ltr'>ln</span> <span class='ocrx_word' id='word_1_260' title='bbox 703 2582 847 2620; x_wconf 86' lang='lat' dir='ltr'>verbis</span> <span class='ocrx_word' id='word_1_261' title='bbox 879 2592 1012 2631; x_wconf 87' lang='lat' dir='ltr'>supra</span> <span class='ocrx_word' id='word_1_262' title='bbox 1044 2582 1191 2621; x_wconf 84' lang='lat' dir='ltr'>allatis</span> <span class='ocrx_word' id='word_1_263' title='bbox 1222 2578 1306 2620; x_wconf 79' lang='grc' dir='ltr'>ἔνθ’</span> <span class='ocrx_word' id='word_1_264' title='bbox 1341 2581 1390 2621; x_wconf 75' lang='grc' dir='ltr'>οὔ</span> <span class='ocrx_word' id='word_1_265' title='bbox 1422 2596 1464 2620; x_wconf 83' lang='grc' dir='ltr'>κε</span> <span class='ocrx_word' id='word_1_266' title='bbox 1493 2582 1631 2635; x_wconf 64' lang='lat' dir='ltr'>fidolo</span> <span class='ocrx_word' id='word_1_267' title='bbox 1658 2585 1702 2622; x_wconf 83' lang='lat' dir='ltr'>et</span> <span class='ocrx_word' id='word_1_268' title='bbox 1727 2582 1946 2621; x_wconf 82' lang='lat' dir='ltr'>similibus</span> <span class='ocrx_word' id='word_1_269' title='bbox 1972 2592 2091 2621; x_wconf 91' lang='lat' dir='ltr'>usur·</span> 
     </span>
     <span class='ocr_line' id='line_1_35' title="bbox 267 2648 2091 2701; baseline -0.001 -12"><span class='ocrx_word' id='word_1_270' title='bbox 267 2653 368 2700; x_wconf 86' lang='lat' dir='ltr'>pato</span> <span class='ocrx_word' id='word_1_271' title='bbox 401 2650 683 2689; x_wconf 82' lang='lat' dir='ltr'>illustrantur</span> <span class='ocrx_word' id='word_1_272' title='bbox 715 2648 797 2688; x_wconf 90' lang='lat' dir='ltr'>loci</span> <span class='ocrx_word' id='word_1_273' title='bbox 830 2650 868 2687; x_wconf 87' lang='lat' dir='ltr'>ei</span> <span class='ocrx_word' id='word_1_274' title='bbox 901 2649 973 2688; x_wconf 90' lang='lat' dir='ltr'>ubi</span> <span class='ocrx_word' id='word_1_275' title='bbox 1006 2649 1234 2698; x_wconf 85' lang='lat' dir='ltr'>particulis</span> <span class='ocrx_word' id='word_1_276' title='bbox 1264 2649 1505 2688; x_wconf 82' lang='grc' dir='ltr'><strong><em>αἴθε-εἴθε</em></strong></span> <span class='ocrx_word' id='word_1_277' title='bbox 1533 2650 1603 2689; x_wconf 90' lang='lat' dir='ltr'>vel</span> <span class='ocrx_word' id='word_1_278' title='bbox 1629 2649 1671 2687; x_wconf 70' lang='grc' dir='ltr'>αἲ</span> <span class='ocrx_word' id='word_1_279' title='bbox 1696 2649 1867 2701; x_wconf 79' lang='grc' dir='ltr'><em>γάρ-εἰ</em></span> <span class='ocrx_word' id='word_1_280' title='bbox 1891 2650 1965 2701; x_wconf 76' lang='grc' dir='ltr'>γάρ</span> <span class='ocrx_word' id='word_1_281' title='bbox 1993 2660 2091 2689; x_wconf 89' lang='lat' dir='ltr'>cum</span> 
     </span>
     <span class='ocr_line' id='line_1_36' title="bbox 267 2716 2090 2766; baseline -0.001 -9"><span class='ocrx_word' id='word_1_282' title='bbox 267 2718 463 2766; x_wconf 86' lang='lat' dir='ltr'>optativo</span> <span class='ocrx_word' id='word_1_283' title='bbox 497 2717 742 2756; x_wconf 85' lang='lat' dir='ltr'>coniunctis</span> <span class='ocrx_word' id='word_1_284' title='bbox 774 2716 1046 2765; x_wconf 85' lang='lat' dir='ltr'>significatur</span> <span class='ocrx_word' id='word_1_285' title='bbox 1078 2720 1230 2757; x_wconf 85' lang='lat' dir='ltr'>votum</span> <span class='ocrx_word' id='word_1_286' title='bbox 1263 2718 1375 2765; x_wconf 88' lang='lat' dir='ltr'>quod</span> <span class='ocrx_word' id='word_1_287' title='bbox 1407 2719 1553 2756; x_wconf 80' lang='lat' dir='ltr'>ratum</span> <span class='ocrx_word' id='word_1_288' title='bbox 1585 2716 1678 2756; x_wconf 88' lang='lat' dir='ltr'>fieri</span> <span class='ocrx_word' id='word_1_289' title='bbox 1709 2718 1880 2765; x_wconf 83' lang='lat' dir='ltr'>nequit;</span> <span class='ocrx_word' id='word_1_290' title='bbox 1913 2728 1982 2757; x_wconf 72' lang='lat' dir='ltr'>ez.</span> <span class='ocrx_word' id='word_1_291' title='bbox 2005 2727 2090 2765; x_wconf 89' lang='lat' dir='ltr'>gr.:</span> 
     </span>
    </p>
   </div>
   <div class='ocr_carea' id='block_1_7' title="bbox 267 2863 2092 3160">
    <p class='ocr_par' dir='ltr' id='par_1_7' title="bbox 357 2863 2091 2901">
     <span class='ocr_line' id='line_1_37' title="bbox 357 2863 2091 2901; baseline 0 -9"><span class='ocrx_word' id='word_1_292' title='bbox 357 2874 376 2892; x_wconf 86' lang='lat' dir='ltr'>a</span> <span class='ocrx_word' id='word_1_293' title='bbox 404 2865 427 2893; x_wconf 85' lang='grc' dir='ltr'><em>Ε</em></span> <span class='ocrx_word' id='word_1_294' title='bbox 451 2864 513 2894; x_wconf 81' lang='grc'>679</span> <span class='ocrx_word' id='word_1_295' title='bbox 539 2872 609 2901; x_wconf 76' lang='lat' dir='ltr'>sq.;</span> <span class='ocrx_word' id='word_1_296' title='bbox 635 2863 761 2893; x_wconf 73' lang='lat' dir='ltr'>similia</span> <span class='ocrx_word' id='word_1_297' title='bbox 787 2866 814 2892; x_wconf 87' lang='lat' dir='ltr'><em>Z</em></span> <span class='ocrx_word' id='word_1_298' title='bbox 841 2863 881 2892; x_wconf 72' lang='lat'>74</span> <span class='ocrx_word' id='word_1_299' title='bbox 908 2865 946 2891; x_wconf 83' lang='lat' dir='ltr'><em>M</em></span> <span class='ocrx_word' id='word_1_300' title='bbox 971 2864 1033 2893; x_wconf 77' lang='lat'>465</span> <span class='ocrx_word' id='word_1_301' title='bbox 1059 2876 1067 2892; x_wconf 91' lang='grc' dir='ltr'><strong><em>ι</em></strong></span> <span class='ocrx_word' id='word_1_302' title='bbox 1096 2864 1158 2893; x_wconf 87' lang='grc'>130</span> <span class='ocrx_word' id='word_1_303' title='bbox 1183 2864 1260 2901; x_wconf 87' lang='lat' dir='ltr'>(qui</span> <span class='ocrx_word' id='word_1_304' title='bbox 1287 2872 1408 2894; x_wconf 78' lang='lat' dir='ltr'>versus</span> <span class='ocrx_word' id='word_1_305' title='bbox 1434 2863 1513 2894; x_wconf 86' lang='lat' dir='ltr'>coll.</span> <span class='ocrx_word' id='word_1_306' title='bbox 1539 2864 1614 2899; x_wconf 83' lang='lat'>126,</span> <span class='ocrx_word' id='word_1_307' title='bbox 1640 2864 1715 2900; x_wconf 88' lang='lat'>127,</span> <span class='ocrx_word' id='word_1_308' title='bbox 1742 2865 1815 2900; x_wconf 89' lang='lat'><strong>131,</strong></span> <span class='ocrx_word' id='word_1_309' title='bbox 1842 2864 1903 2894; x_wconf 85' lang='lat'>135</span> <span class='ocrx_word' id='word_1_310' title='bbox 1925 2865 2025 2901; x_wconf 78' lang='lat' dir='ltr'>aptus</span> <span class='ocrx_word' id='word_1_311' title='bbox 2039 2865 2091 2892; x_wconf 81' lang='lat' dir='ltr'>est</span> 
     </span>
    </p>

    <p class='ocr_par' dir='ltr' id='par_1_8' title="bbox 268 2912 2092 2955">
     <span class='ocr_line' id='line_1_38' title="bbox 268 2912 2092 2955; baseline 0.001 -12"><span class='ocrx_word' id='word_1_312' title='bbox 268 2915 311 2944; x_wconf 80' lang='lat' dir='ltr'>ad</span> <span class='ocrx_word' id='word_1_313' title='bbox 345 2923 416 2944; x_wconf 87' lang='lat' dir='ltr'>rem</span> <span class='ocrx_word' id='word_1_314' title='bbox 451 2912 710 2955; x_wconf 79' lang='lat' dir='ltr'>illustrandam)</span> <span class='ocrx_word' id='word_1_315' title='bbox 744 2927 759 2943; x_wconf 71' lang='lat' dir='ltr'><em>v</em></span> <span class='ocrx_word' id='word_1_316' title='bbox 795 2915 858 2944; x_wconf 84' lang='lat'>206</span> <span class='ocrx_word' id='word_1_317' title='bbox 895 2915 936 2943; x_wconf 84' lang='lat' dir='ltr'>al.</span> <span class='ocrx_word' id='word_1_318' title='bbox 1073 2915 1089 2944; x_wconf 81' lang='lat' dir='ltr'><em>b</em></span> <span class='ocrx_word' id='word_1_319' title='bbox 1127 2918 1154 2944; x_wconf 93' lang='grc' dir='ltr'><strong><em>Β</em></strong></span> <span class='ocrx_word' id='word_1_320' title='bbox 1187 2917 1227 2945; x_wconf 86' lang='grc'>80</span> <span class='ocrx_word' id='word_1_321' title='bbox 1263 2924 1314 2954; x_wconf 84' lang='lat' dir='ltr'>sq.</span> <span class='ocrx_word' id='word_1_322' title='bbox 1459 2926 1475 2946; x_wconf 85' lang='lat' dir='ltr'>c</span> <span class='ocrx_word' id='word_1_323' title='bbox 1507 2916 1612 2952; x_wconf 76' lang='lat'><strong>§326</strong></span> <span class='ocrx_word' id='word_1_324' title='bbox 1636 2914 1690 2946; x_wconf 84' lang='lat' dir='ltr'>A¹.</span> <span class='ocrx_word' id='word_1_325' title='bbox 1824 2914 1847 2945; x_wconf 93' lang='lat' dir='ltr'><em>d</em></span> <span class='ocrx_word' id='word_1_326' title='bbox 1868 2915 1899 2944; x_wconf 88' lang='grc' dir='ltr'><em>Ω</em></span> <span class='ocrx_word' id='word_1_327' title='bbox 1925 2915 1989 2945; x_wconf 81' lang='lat'>220</span> <span class='ocrx_word' id='word_1_328' title='bbox 2014 2923 2092 2953; x_wconf 74' lang='lat' dir='ltr'>sqq.</span> 
     </span>
    </p>

    <p class='ocr_par' dir='ltr' id='par_1_9' title="bbox 400 2967 2090 3007">
     <span class='ocr_line' id='line_1_39' title="bbox 400 2967 2090 3007; baseline 0.001 -11"><span class='ocrx_word' id='word_1_329' title='bbox 400 2976 416 2995; x_wconf 87' lang='lat' dir='ltr'>e</span> <span class='ocrx_word' id='word_1_330' title='bbox 436 2979 454 2996; x_wconf 84' lang='grc' dir='ltr'><strong><em>α</em></strong></span> <span class='ocrx_word' id='word_1_331' title='bbox 479 2968 543 2997; x_wconf 86' lang='grc'>235</span> <span class='ocrx_word' id='word_1_332' title='bbox 568 2976 642 3005; x_wconf 79' lang='lat' dir='ltr'>sqq.</span> <span class='ocrx_word' id='word_1_333' title='bbox 791 2967 822 3007; x_wconf 88' lang='lat' dir='ltr'><strong><em>s</em></strong></span> <span class='ocrx_word' id='word_1_334' title='bbox 838 2969 868 2996; x_wconf 90' lang='grc' dir='ltr'>Γ</span> <span class='ocrx_word' id='word_1_335' title='bbox 888 2967 963 2996; x_wconf 78' lang='grc'>453.</span> <span class='ocrx_word' id='word_1_336' title='bbox 988 2967 1093 2997; x_wconf 75' lang='lat' dir='ltr'>Deest</span> <span class='ocrx_word' id='word_1_337' title='bbox 1119 2980 1162 3002; x_wconf 73' lang='grc' dir='ltr'>κε,</span> <span class='ocrx_word' id='word_1_338' title='bbox 1186 2969 1269 2998; x_wconf 83' lang='lat' dir='ltr'>vitio</span> <span class='ocrx_word' id='word_1_339' title='bbox 1295 2971 1414 2998; x_wconf 75' lang='lat' dir='ltr'>natum</span> <span class='ocrx_word' id='word_1_340' title='bbox 1440 2971 1493 2998; x_wconf 80' lang='lat' dir='ltr'>est</span> <span class='ocrx_word' id='word_1_341' title='bbox 1517 2971 1691 3003; x_wconf 76' lang='grc' dir='ltr'><strong><em>κευθάνειν,</em></strong></span> <span class='ocrx_word' id='word_1_342' title='bbox 1710 2976 1792 2998; x_wconf 76' lang='lat' dir='ltr'>sono</span> <span class='ocrx_word' id='word_1_343' title='bbox 1815 2980 1838 3006; x_wconf 73' lang='lat' dir='ltr'>J·-</span> <span class='ocrx_word' id='word_1_344' title='bbox 1864 2971 1959 2997; x_wconf 79' lang='lat' dir='ltr'>caret</span> <span class='ocrx_word' id='word_1_345' title='bbox 1983 2968 2090 3003; x_wconf 77' lang='grc' dir='ltr'><strong><em>ἴδοιτο,</em></strong></span> 
     </span>
    </p>

    <p class='ocr_par' dir='ltr' id='par_1_10' title="bbox 267 3019 2090 3060">
     <span class='ocr_line' id='line_1_40' title="bbox 267 3019 2090 3060; baseline 0.002 -13"><span class='ocrx_word' id='word_1_346' title='bbox 267 3019 434 3048; x_wconf 79' lang='lat' dir='ltr'>molestus</span> <span class='ocrx_word' id='word_1_347' title='bbox 459 3022 512 3049; x_wconf 80' lang='lat' dir='ltr'>est</span> <span class='ocrx_word' id='word_1_348' title='bbox 535 3020 728 3059; x_wconf 52' lang='lat' dir='ltr'>optativa&amp;</span> <span class='ocrx_word' id='word_1_349' title='bbox 753 3020 820 3057; x_wconf 81' lang='lat' dir='ltr'>leg.</span> <span class='ocrx_word' id='word_1_350' title='bbox 845 3021 881 3049; x_wconf 82' lang='grc' dir='ltr'>οὐ</span> <span class='ocrx_word' id='word_1_351' title='bbox 904 3022 963 3059; x_wconf 81' lang='grc' dir='ltr'>γάρ</span> <span class='ocrx_word' id='word_1_352' title='bbox 987 3032 1038 3049; x_wconf 70' lang='grc' dir='ltr'>κεν</span> <span class='ocrx_word' id='word_1_353' title='bbox 1061 3022 1201 3059; x_wconf 76' lang='grc' dir='ltr'><strong><em>φιλότητι</em></strong></span> <span class='ocrx_word' id='word_1_354' title='bbox 1225 3023 1409 3055; x_wconf 56' lang='lat' dir='ltr'>exufflatur,</span> <span class='ocrx_word' id='word_1_355' title='bbox 1435 3023 1462 3050; x_wconf 75' lang='grc' dir='ltr'>εἴ</span> <span class='ocrx_word' id='word_1_356' title='bbox 1476 3021 1514 3059; x_wconf 72' lang='lat' dir='ltr'>f&#39;</span> <span class='ocrx_word' id='word_1_357' title='bbox 1532 3022 1679 3059; x_wconf 62' lang='lat' dir='ltr'>isidovto.</span> <span class='ocrx_word' id='word_1_358' title='bbox 1806 3031 1828 3060; x_wconf 77' lang='lat' dir='ltr'><em>q</em></span> <span class='ocrx_word' id='word_1_359' title='bbox 1853 3023 1893 3050; x_wconf 88' lang='grc' dir='ltr'>Μ</span> <span class='ocrx_word' id='word_1_360' title='bbox 1908 3020 1982 3056; x_wconf 82' lang='lat'><strong>465,</strong></span> <span class='ocrx_word' id='word_1_361' title='bbox 1997 3023 2090 3050; x_wconf 82' lang='lat' dir='ltr'>recte</span> 
     </span>
    </p>

    <p class='ocr_par' dir='ltr' id='par_1_11' title="bbox 268 3066 2088 3160">
     <span class='ocr_line' id='line_1_41' title="bbox 268 3066 2088 3111; baseline 0.002 -12"><span class='ocrx_word' id='word_1_362' title='bbox 268 3066 288 3099; x_wconf 91' lang='lat' dir='ltr'>l.</span> <span class='ocrx_word' id='word_1_363' title='bbox 316 3080 345 3100; x_wconf 82' lang='lat' dir='ltr'>a.</span> <span class='ocrx_word' id='word_1_364' title='bbox 372 3074 526 3110; x_wconf 66' lang='grc' dir='ltr'>ἐρύκακεν.</span> <span class='ocrx_word' id='word_1_365' title='bbox 659 3071 678 3100; x_wconf 82' lang='grc' dir='ltr'><strong><em>Ιι</em></strong></span> <span class='ocrx_word' id='word_1_366' title='bbox 714 3084 731 3102; x_wconf 87' lang='grc' dir='ltr'><strong><em>υ</em></strong></span> <span class='ocrx_word' id='word_1_367' title='bbox 768 3073 842 3108; x_wconf 88' lang='grc'><strong>138,</strong></span> <span class='ocrx_word' id='word_1_368' title='bbox 874 3074 968 3102; x_wconf 80' lang='lat' dir='ltr'>recte</span> <span class='ocrx_word' id='word_1_369' title='bbox 1004 3072 1025 3101; x_wconf 89' lang='lat' dir='ltr'>l.</span> <span class='ocrx_word' id='word_1_370' title='bbox 1061 3081 1089 3101; x_wconf 83' lang='lat' dir='ltr'>a.</span> <span class='ocrx_word' id='word_1_371' title='bbox 1117 3073 1370 3111; x_wconf 55' lang='grc' dir='ltr'><strong><em>’μιμνήισκοντη</em></strong></span> <span class='ocrx_word' id='word_1_372' title='bbox 1397 3073 1575 3111; x_wconf 78' lang='lat' dir='ltr'>optativus</span> <span class='ocrx_word' id='word_1_373' title='bbox 1606 3072 1754 3103; x_wconf 82' lang='lat' dir='ltr'>actionis</span> <span class='ocrx_word' id='word_1_374' title='bbox 1784 3073 1921 3102; x_wconf 74' lang='lat' dir='ltr'>iteratae</span> <span class='ocrx_word' id='word_1_375' title='bbox 1950 3073 1998 3110; x_wconf 88' lang='grc' dir='ltr'>(Γ</span> <span class='ocrx_word' id='word_1_376' title='bbox 2027 3073 2088 3103; x_wconf 81' lang='grc'>216</span> 
     </span>
     <span class='ocr_line' id='line_1_42' title="bbox 270 3123 736 3160; baseline 0.004 -8"><span class='ocrx_word' id='word_1_377' title='bbox 270 3125 296 3151; x_wconf 82' lang='lat' dir='ltr'><strong><em>P</em></strong></span> <span class='ocrx_word' id='word_1_378' title='bbox 319 3123 382 3152; x_wconf 74' lang='lat'>733</span> <span class='ocrx_word' id='word_1_379' title='bbox 409 3124 464 3160; x_wconf 86' lang='lat' dir='ltr'>al.)</span> <span class='ocrx_word' id='word_1_380' title='bbox 487 3123 567 3154; x_wconf 90' lang='lat' dir='ltr'>hinc</span> <span class='ocrx_word' id='word_1_381' title='bbox 592 3124 736 3154; x_wconf 77' lang='lat' dir='ltr'>alienus.</span> 
     </span>
    </p>
   </div>
  </div>
 </body>
</html>
