<?xml version="1.0" encoding="UTF-8"?>
<!DOCTYPE html PUBLIC "-//W3C//DTD XHTML 1.0 Transitional//EN"
    "http://www.w3.org/TR/xhtml1/DTD/xhtml1-transitional.dtd">
<html xmlns="http://www.w3.org/1999/xhtml" xml:lang="en" lang="en">
 <head>
  <title>
</title>
<meta http-equiv="Content-Type" content="text/html;charset=utf-8" />
  <meta name='ocr-system' content='tesseract 3.04.00' />
  <meta name='ocr-capabilities' content='ocr_page ocr_carea ocr_par ocr_line ocrx_word'/>
</head>
<body>
  <div class='ocr_page' id='page_1' title='image "./enchiridiumdicti00leeuuoft_0171.png"; bbox 0 0 2234 3443; ppageno 0'>
   <div class='ocr_carea' id='block_1_1' title="bbox 148 200 1961 247">
    <p class='ocr_par' dir='ltr' id='par_1_1' title="bbox 148 200 1961 247">
     <span class='ocr_line' id='line_1_1' title="bbox 148 200 1961 247; baseline 0.003 -10"><span class='ocrx_word' id='word_1_1' title='bbox 148 200 172 247; x_wconf 65' lang='grc' dir='ltr'><strong>ς</strong></span> <span class='ocrx_word' id='word_1_2' title='bbox 199 200 272 245; x_wconf 90' lang='grc'>41]</span> <span class='ocrx_word' id='word_1_3' title='bbox 904 210 958 238; x_wconf 78' lang='lat' dir='ltr'>Du</span> <span class='ocrx_word' id='word_1_4' title='bbox 991 209 1207 239; x_wconf 67' lang='lat' dir='ltr'>consoms.</span> <span class='ocrx_word' id='word_1_5' title='bbox 1882 205 1961 242; x_wconf 81' lang='lat'>147</span> 
     </span>
    </p>
   </div>
   <div class='ocr_carea' id='block_1_2' title="bbox 148 321 1978 2392">
    <p class='ocr_par' dir='ltr' id='par_1_2' title="bbox 148 321 1966 440">
     <span class='ocr_line' id='line_1_2' title="bbox 148 321 1966 375; baseline 0.002 -14"><span class='ocrx_word' id='word_1_6' title='bbox 148 321 396 374; x_wconf 80' lang='grc' dir='ltr'><strong><em>γερρητήρια.</em></strong></span> <span class='ocrx_word' id='word_1_7' title='bbox 421 322 612 362; x_wconf 87' lang='lat' dir='ltr'>Homero</span> <span class='ocrx_word' id='word_1_8' title='bbox 639 325 784 371; x_wconf 90' lang='lat' dir='ltr'>potest</span> <span class='ocrx_word' id='word_1_9' title='bbox 805 323 976 362; x_wconf 88' lang='lat' dir='ltr'>restitui</span> <span class='ocrx_word' id='word_1_10' title='bbox 1004 323 1098 362; x_wconf 90' lang='lat' dir='ltr'>sine</span> <span class='ocrx_word' id='word_1_11' title='bbox 1127 323 1216 361; x_wconf 89' lang='lat' dir='ltr'>ulla</span> <span class='ocrx_word' id='word_1_12' title='bbox 1234 333 1391 362; x_wconf 89' lang='lat' dir='ltr'>vocum</span> <span class='ocrx_word' id='word_1_13' title='bbox 1412 324 1655 362; x_wconf 87' lang='lat' dir='ltr'>vicinarum</span> <span class='ocrx_word' id='word_1_14' title='bbox 1685 326 1966 375; x_wconf 81' lang='lat' dir='ltr'>correctione,</span> 
     </span>
     <span class='ocr_line' id='line_1_3' title="bbox 151 389 1602 440; baseline 0.001 -12"><span class='ocrx_word' id='word_1_15' title='bbox 151 389 194 428; x_wconf 89' lang='lat' dir='ltr'>in</span> <span class='ocrx_word' id='word_1_16' title='bbox 228 404 252 427; x_wconf 90' lang='grc' dir='ltr'><strong><em>υ</em></strong></span> <span class='ocrx_word' id='word_1_17' title='bbox 285 391 434 428; x_wconf 87' lang='lat' dir='ltr'>autem</span> <span class='ocrx_word' id='word_1_18' title='bbox 467 391 668 428; x_wconf 89' lang='lat' dir='ltr'>mutatus</span> <span class='ocrx_word' id='word_1_19' title='bbox 699 391 900 438; x_wconf 84' lang='lat' dir='ltr'>superest</span> <span class='ocrx_word' id='word_1_20' title='bbox 931 390 975 428; x_wconf 89' lang='lat' dir='ltr'>in</span> <span class='ocrx_word' id='word_1_21' title='bbox 1007 389 1192 437; x_wconf 84' lang='lat' dir='ltr'>syllabis</span> <span class='ocrx_word' id='word_1_22' title='bbox 1222 404 1336 439; x_wconf 87' lang='grc' dir='ltr'><strong><em>-ουρ-</em></strong></span> <span class='ocrx_word' id='word_1_23' title='bbox 1369 391 1411 429; x_wconf 90' lang='lat' dir='ltr'>et</span> <span class='ocrx_word' id='word_1_24' title='bbox 1441 405 1557 440; x_wconf 87' lang='grc' dir='ltr'><strong><em>-ηυρ-</em></strong></span> <span class='ocrx_word' id='word_1_25' title='bbox 1570 399 1602 430; x_wconf 72' lang='lat'>0.</span> 
     </span>
    </p>

    <p class='ocr_par' dir='ltr' id='par_1_3' title="bbox 150 452 1967 576">
     <span class='ocr_line' id='line_1_4' title="bbox 270 452 1967 510; baseline 0.002 -14"><span class='ocrx_word' id='word_1_26' title='bbox 270 453 411 510; x_wconf 71' lang='grc' dir='ltr'>ς-’ἑρσιι</span> <span class='ocrx_word' id='word_1_27' title='bbox 453 457 546 495; x_wconf 89' lang='lat' dir='ltr'>sive</span> <span class='ocrx_word' id='word_1_28' title='bbox 587 454 740 508; x_wconf 62' lang='lat' dir='ltr'>s&#39;fs&#39;pau,</span> <span class='ocrx_word' id='word_1_29' title='bbox 780 455 979 509; x_wconf 51' lang='lat' dir='ltr'>{reperias</span> <span class='ocrx_word' id='word_1_30' title='bbox 995 452 1023 495; x_wconf 73' lang='grc' dir='ltr'><strong>ὂ.</strong></span> <span class='ocrx_word' id='word_1_31' title='bbox 1057 456 1186 495; x_wconf 89' lang='lat' dir='ltr'>Nullo</span> <span class='ocrx_word' id='word_1_32' title='bbox 1219 467 1304 495; x_wconf 92' lang='lat' dir='ltr'>non</span> <span class='ocrx_word' id='word_1_33' title='bbox 1338 457 1431 496; x_wconf 90' lang='lat' dir='ltr'>loco</span> <span class='ocrx_word' id='word_1_34' title='bbox 1463 457 1613 496; x_wconf 82' lang='lat' dir='ltr'>Iliadis</span> <span class='ocrx_word' id='word_1_35' title='bbox 1645 459 1713 497; x_wconf 88' lang='lat' dir='ltr'>vel</span> <span class='ocrx_word' id='word_1_36' title='bbox 1746 459 1967 507; x_wconf 81' lang='lat' dir='ltr'>Odysseae</span> 
     </span>
     <span class='ocr_line' id='line_1_5' title="bbox 150 524 604 576; baseline -0.002 -13"><span class='ocrx_word' id='word_1_37' title='bbox 150 533 308 563; x_wconf 87' lang='lat' dir='ltr'>sonum</span> <span class='ocrx_word' id='word_1_38' title='bbox 334 539 364 576; x_wconf 64' lang='lat' dir='ltr'><em>f</em></span> <span class='ocrx_word' id='word_1_39' title='bbox 394 524 604 562; x_wconf 84' lang='lat' dir='ltr'><strong>admittit.</strong></span> 
     </span>
    </p>

    <p class='ocr_par' dir='ltr' id='par_1_4' title="bbox 151 587 1972 973">
     <span class='ocr_line' id='line_1_6' title="bbox 270 587 1966 644; baseline 0.002 -14"><span class='ocrx_word' id='word_1_40' title='bbox 270 587 453 644; x_wconf 65' lang='lat' dir='ltr'>fepdmc,</span> <span class='ocrx_word' id='word_1_41' title='bbox 492 590 792 642; x_wconf 56' lang='lat' dir='ltr'>fspvadppavso</span> <span class='ocrx_word' id='word_1_42' title='bbox 838 590 993 635; x_wconf 77' lang='grc' dir='ltr'><strong>(ἵπποι).</strong></span> <span class='ocrx_word' id='word_1_43' title='bbox 1040 590 1276 638; x_wconf 87' lang='lat' dir='ltr'>Digamma</span> <span class='ocrx_word' id='word_1_44' title='bbox 1320 591 1362 629; x_wconf 90' lang='lat' dir='ltr'>in</span> <span class='ocrx_word' id='word_1_45' title='bbox 1411 591 1436 640; x_wconf 86' lang='grc' dir='ltr'>β</span> <span class='ocrx_word' id='word_1_46' title='bbox 1483 594 1704 631; x_wconf 85' lang='lat' dir='ltr'>mutatum</span> <span class='ocrx_word' id='word_1_47' title='bbox 1753 595 1875 632; x_wconf 82' lang='lat' dir='ltr'>extat</span> <span class='ocrx_word' id='word_1_48' title='bbox 1923 595 1966 633; x_wconf 91' lang='lat' dir='ltr'>in</span> 
     </span>
     <span class='ocr_line' id='line_1_7' title="bbox 152 658 1967 709; baseline 0.003 -14"><span class='ocrx_word' id='word_1_49' title='bbox 152 658 543 705; x_wconf 87' lang='lat' dir='ltr'>grammaticorum</span> <span class='ocrx_word' id='word_1_50' title='bbox 586 658 747 706; x_wconf 86' lang='lat' dir='ltr'>glossis</span> <span class='ocrx_word' id='word_1_51' title='bbox 787 658 942 708; x_wconf 77' lang='grc' dir='ltr'>βρύτισ,</span> <span class='ocrx_word' id='word_1_52' title='bbox 981 658 1147 708; x_wconf 82' lang='grc' dir='ltr'>βρύτηρ,</span> <span class='ocrx_word' id='word_1_53' title='bbox 1188 659 1230 696; x_wconf 92' lang='lat' dir='ltr'>in</span> <span class='ocrx_word' id='word_1_54' title='bbox 1273 673 1297 696; x_wconf 86' lang='lat' dir='ltr'><em>v</em></span> <span class='ocrx_word' id='word_1_55' title='bbox 1339 660 1561 697; x_wconf 86' lang='lat' dir='ltr'>mutatum</span> <span class='ocrx_word' id='word_1_56' title='bbox 1602 660 1646 698; x_wconf 90' lang='lat' dir='ltr'>in</span> <span class='ocrx_word' id='word_1_57' title='bbox 1683 660 1815 699; x_wconf 89' lang='lat' dir='ltr'>verbo</span> <span class='ocrx_word' id='word_1_58' title='bbox 1847 661 1967 709; x_wconf 91' lang='lat' dir='ltr'>epico</span> 
     </span>
     <span class='ocr_line' id='line_1_8' title="bbox 151 722 1972 777; baseline 0.003 -16"><span class='ocrx_word' id='word_1_59' title='bbox 151 722 369 774; x_wconf 77' lang='grc' dir='ltr'><strong><em>αὐέρυσαν,</em></strong></span> <span class='ocrx_word' id='word_1_60' title='bbox 407 739 488 773; x_wconf 84' lang='grc' dir='ltr'><strong>-ον,</strong></span> <span class='ocrx_word' id='word_1_61' title='bbox 525 723 682 763; x_wconf 68' lang='lat' dir='ltr'>-ovwd¹</span> <span class='ocrx_word' id='word_1_62' title='bbox 726 725 959 764; x_wconf 87' lang='lat' dir='ltr'>Praeterea</span> <span class='ocrx_word' id='word_1_63' title='bbox 1001 725 1154 764; x_wconf 83' lang='lat' dir='ltr'>latitat</span> <span class='ocrx_word' id='word_1_64' title='bbox 1195 726 1238 764; x_wconf 95' lang='lat' dir='ltr'>in</span> <span class='ocrx_word' id='word_1_65' title='bbox 1281 735 1389 764; x_wconf 92' lang='lat' dir='ltr'>sono</span> <span class='ocrx_word' id='word_1_66' title='bbox 1430 724 1481 763; x_wconf 82' lang='grc' dir='ltr'>εῐ-</span> <span class='ocrx_word' id='word_1_67' title='bbox 1519 727 1671 765; x_wconf 82' lang='lat' dir='ltr'>aoristi</span> <span class='ocrx_word' id='word_1_68' title='bbox 1703 726 1895 777; x_wconf 83' lang='grc' dir='ltr'><strong><em>εἴρυ(σ)σα</em></strong></span> <span class='ocrx_word' id='word_1_69' title='bbox 1928 731 1972 767; x_wconf 88' lang='lat' dir='ltr'>et</span> 
     </span>
     <span class='ocr_line' id='line_1_9' title="bbox 151 791 1970 844; baseline 0.002 -14"><span class='ocrx_word' id='word_1_70' title='bbox 151 791 330 839; x_wconf 85' lang='lat' dir='ltr'>perfecti</span> <span class='ocrx_word' id='word_1_71' title='bbox 371 791 564 842; x_wconf 77' lang='grc' dir='ltr'><strong><em>εἰρύαται,</em></strong></span> <span class='ocrx_word' id='word_1_72' title='bbox 604 803 714 840; x_wconf 88' lang='lat' dir='ltr'>quae</span> <span class='ocrx_word' id='word_1_73' title='bbox 746 791 964 844; x_wconf 59' lang='lat' dir='ltr'>i&#39;fpvwwa,</span> <span class='ocrx_word' id='word_1_74' title='bbox 994 792 1213 844; x_wconf 59' lang='lat' dir='ltr'>fefpoawc</span> <span class='ocrx_word' id='word_1_75' title='bbox 1247 797 1349 831; x_wconf 86' lang='lat' dir='ltr'>sunt</span> <span class='ocrx_word' id='word_1_76' title='bbox 1378 792 1601 840; x_wconf 75' lang='lat' dir='ltr'>legendae.</span> <span class='ocrx_word' id='word_1_77' title='bbox 1634 794 1756 833; x_wconf 83' lang='lat' dir='ltr'>Multi</span> <span class='ocrx_word' id='word_1_78' title='bbox 1790 795 1970 834; x_wconf 86' lang='lat' dir='ltr'>Homeri</span> 
     </span>
     <span class='ocr_line' id='line_1_10' title="bbox 152 860 1966 912; baseline 0.001 -15"><span class='ocrx_word' id='word_1_79' title='bbox 152 868 306 898; x_wconf 90' lang='lat' dir='ltr'>versus</span> <span class='ocrx_word' id='word_1_80' title='bbox 347 869 505 898; x_wconf 89' lang='lat' dir='ltr'>sonum</span> <span class='ocrx_word' id='word_1_81' title='bbox 538 875 567 912; x_wconf 60' lang='lat' dir='ltr'>f</span> <span class='ocrx_word' id='word_1_82' title='bbox 606 862 790 908; x_wconf 84' lang='lat' dir='ltr'>poscunt</span> <span class='ocrx_word' id='word_1_83' title='bbox 823 860 891 898; x_wconf 88' lang='lat' dir='ltr'>vel</span> <span class='ocrx_word' id='word_1_84' title='bbox 929 860 1183 908; x_wconf 89' lang='lat' dir='ltr'>admittunt,</span> <span class='ocrx_word' id='word_1_85' title='bbox 1216 860 1403 898; x_wconf 83' lang='lat' dir='ltr'>aliorum</span> <span class='ocrx_word' id='word_1_86' title='bbox 1441 860 1582 899; x_wconf 87' lang='lat' dir='ltr'>facilis</span> <span class='ocrx_word' id='word_1_87' title='bbox 1616 863 1683 899; x_wconf 89' lang='lat' dir='ltr'>est</span> <span class='ocrx_word' id='word_1_88' title='bbox 1713 861 1966 912; x_wconf 79' lang='lat' dir='ltr'>correctiof,</span> 
     </span>
     <span class='ocr_line' id='line_1_11' title="bbox 152 925 662 973; baseline 0.006 -10"><span class='ocrx_word' id='word_1_89' title='bbox 152 925 277 973; x_wconf 88' lang='lat' dir='ltr'>pauci</span> <span class='ocrx_word' id='word_1_90' title='bbox 310 925 486 966; x_wconf 89' lang='lat' dir='ltr'>molesti</span> <span class='ocrx_word' id='word_1_91' title='bbox 516 931 662 967; x_wconf 67' lang='lat' dir='ltr'>sunty.</span> 
     </span>
    </p>

    <p class='ocr_par' dir='ltr' id='par_1_5' title="bbox 149 989 1972 1384">
     <span class='ocr_line' id='line_1_12' title="bbox 271 989 1970 1048; baseline 0.002 -16"><span class='ocrx_word' id='word_1_92' title='bbox 271 989 450 1046; x_wconf 66' lang='grc' dir='ltr'>Ε’ἑννῦμι</span> <span class='ocrx_word' id='word_1_93' title='bbox 464 992 496 1043; x_wconf 64' lang='lat'>7²,</span> <span class='ocrx_word' id='word_1_94' title='bbox 521 998 653 1046; x_wconf 61' lang='lat' dir='ltr'>sciptor,</span> <span class='ocrx_word' id='word_1_95' title='bbox 683 993 895 1047; x_wconf 42' lang='grc' dir='ltr'>ἀρείμωνῑ,</span> <span class='ocrx_word' id='word_1_96' title='bbox 924 994 1186 1047; x_wconf 41' lang='grc' dir='ltr'>κακορείμων,</span> <span class='ocrx_word' id='word_1_97' title='bbox 1211 995 1384 1047; x_wconf 44' lang='grc' dir='ltr'>ᾖεσθήσ,</span> <span class='ocrx_word' id='word_1_98' title='bbox 1413 992 1580 1046; x_wconf 59' lang='grc' dir='ltr'>μ’σθοσ,</span> <span class='ocrx_word' id='word_1_99' title='bbox 1600 995 1763 1047; x_wconf 56' lang='grc' dir='ltr'>αεεανόσ,</span> <span class='ocrx_word' id='word_1_100' title='bbox 1784 995 1970 1048; x_wconf 57' lang='lat' dir='ltr'>fsoevdoj.</span> 
     </span>
     <span class='ocr_line' id='line_1_13' title="bbox 152 1059 1966 1114; baseline 0.003 -16"><span class='ocrx_word' id='word_1_101' title='bbox 152 1059 385 1109; x_wconf 88' lang='lat' dir='ltr'>Digamma</span> <span class='ocrx_word' id='word_1_102' title='bbox 425 1063 615 1102; x_wconf 87' lang='lat' dir='ltr'>cernitur</span> <span class='ocrx_word' id='word_1_103' title='bbox 655 1064 699 1101; x_wconf 89' lang='lat' dir='ltr'>in</span> <span class='ocrx_word' id='word_1_104' title='bbox 739 1063 895 1101; x_wconf 90' lang='lat' dir='ltr'>Dorica</span> <span class='ocrx_word' id='word_1_105' title='bbox 937 1073 1042 1102; x_wconf 92' lang='lat' dir='ltr'>voce</span> <span class='ocrx_word' id='word_1_106' title='bbox 1075 1068 1186 1114; x_wconf 57' lang='lat' dir='ltr'>frma</span> <span class='ocrx_word' id='word_1_107' title='bbox 1220 1063 1314 1101; x_wconf 89' lang='lat' dir='ltr'>sive</span> <span class='ocrx_word' id='word_1_108' title='bbox 1341 1060 1486 1114; x_wconf 55' lang='lat' dir='ltr'>pipo-ck</span> <span class='ocrx_word' id='word_1_109' title='bbox 1519 1065 1562 1101; x_wconf 88' lang='lat' dir='ltr'>et</span> <span class='ocrx_word' id='word_1_110' title='bbox 1593 1064 1636 1101; x_wconf 92' lang='lat' dir='ltr'>in</span> <span class='ocrx_word' id='word_1_111' title='bbox 1668 1063 1808 1103; x_wconf 85' lang='lat' dir='ltr'>latina</span> <span class='ocrx_word' id='word_1_112' title='bbox 1838 1066 1966 1113; x_wconf 75' lang='lat' dir='ltr'>vestis,</span> 
     </span>
     <span class='ocr_line' id='line_1_14' title="bbox 150 1128 1971 1181; baseline 0.001 -13"><span class='ocrx_word' id='word_1_113' title='bbox 150 1139 230 1169; x_wconf 90' lang='lat' dir='ltr'>nec</span> <span class='ocrx_word' id='word_1_114' title='bbox 260 1140 345 1169; x_wconf 91' lang='lat' dir='ltr'>non</span> <span class='ocrx_word' id='word_1_115' title='bbox 378 1133 588 1179; x_wconf 81' lang='lat' dir='ltr'>apparent</span> <span class='ocrx_word' id='word_1_116' title='bbox 620 1131 713 1170; x_wconf 90' lang='lat' dir='ltr'>eius</span> <span class='ocrx_word' id='word_1_117' title='bbox 740 1131 928 1179; x_wconf 86' lang='lat' dir='ltr'>vestigia</span> <span class='ocrx_word' id='word_1_118' title='bbox 956 1131 999 1169; x_wconf 92' lang='lat' dir='ltr'>in</span> <span class='ocrx_word' id='word_1_119' title='bbox 1027 1131 1238 1179; x_wconf 89' lang='lat' dir='ltr'>Hesychii</span> <span class='ocrx_word' id='word_1_120' title='bbox 1264 1130 1424 1178; x_wconf 88' lang='lat' dir='ltr'>glossis</span> <span class='ocrx_word' id='word_1_121' title='bbox 1451 1128 1607 1180; x_wconf 80' lang='grc' dir='ltr'>βέστον,</span> <span class='ocrx_word' id='word_1_122' title='bbox 1632 1130 1757 1177; x_wconf 81' lang='grc' dir='ltr'><strong><em>ῧεσισ,</em></strong></span> <span class='ocrx_word' id='word_1_123' title='bbox 1781 1130 1971 1181; x_wconf 75' lang='grc' dir='ltr'>γέμματα,</span> 
     </span>
     <span class='ocr_line' id='line_1_15' title="bbox 149 1198 1971 1250; baseline 0.002 -16"><span class='ocrx_word' id='word_1_124' title='bbox 149 1202 270 1248; x_wconf 78' lang='grc' dir='ltr'><strong><em>γῆμα,</em></strong></span> <span class='ocrx_word' id='word_1_125' title='bbox 309 1198 438 1247; x_wconf 71' lang='lat' dir='ltr'>ysoni,</span> <span class='ocrx_word' id='word_1_126' title='bbox 478 1198 624 1248; x_wconf 76' lang='grc' dir='ltr'>γεστία,</span> <span class='ocrx_word' id='word_1_127' title='bbox 659 1201 836 1249; x_wconf 71' lang='grc' dir='ltr'>γεῑθρον.</span> <span class='ocrx_word' id='word_1_128' title='bbox 878 1198 1061 1237; x_wconf 90' lang='lat' dir='ltr'>Homeri</span> <span class='ocrx_word' id='word_1_129' title='bbox 1106 1198 1213 1237; x_wconf 87' lang='lat' dir='ltr'>locis</span> <span class='ocrx_word' id='word_1_130' title='bbox 1260 1198 1413 1236; x_wconf 91' lang='lat' dir='ltr'>multis</span> <span class='ocrx_word' id='word_1_131' title='bbox 1455 1207 1591 1236; x_wconf 91' lang='lat' dir='ltr'>sonus</span> <span class='ocrx_word' id='word_1_132' title='bbox 1624 1214 1653 1250; x_wconf 57' lang='lat' dir='ltr'><em>f</em></span> <span class='ocrx_word' id='word_1_133' title='bbox 1696 1200 1971 1238; x_wconf 86' lang='lat' dir='ltr'>necessarius</span> 
     </span>
     <span class='ocr_line' id='line_1_16' title="bbox 150 1262 1972 1314; baseline 0.001 -10"><span class='ocrx_word' id='word_1_134' title='bbox 150 1266 231 1313; x_wconf 87' lang='lat' dir='ltr'>est,</span> <span class='ocrx_word' id='word_1_135' title='bbox 273 1265 496 1303; x_wconf 88' lang='lat' dir='ltr'>nonnullis</span> <span class='ocrx_word' id='word_1_136' title='bbox 537 1266 645 1304; x_wconf 85' lang='lat' dir='ltr'>vitia</span> <span class='ocrx_word' id='word_1_137' title='bbox 686 1265 847 1314; x_wconf 81' lang='lat' dir='ltr'>exigua</span> <span class='ocrx_word' id='word_1_138' title='bbox 887 1268 990 1304; x_wconf 89' lang='lat' dir='ltr'>sunt</span> <span class='ocrx_word' id='word_1_139' title='bbox 1032 1266 1287 1313; x_wconf 86' lang='lat' dir='ltr'>corrigenda</span> <span class='ocrx_word' id='word_1_140' title='bbox 1302 1262 1324 1313; x_wconf 70' lang='lat' dir='ltr'>l,</span> <span class='ocrx_word' id='word_1_141' title='bbox 1370 1266 1495 1313; x_wconf 87' lang='lat' dir='ltr'>pauci</span> <span class='ocrx_word' id='word_1_142' title='bbox 1533 1267 1714 1314; x_wconf 91' lang='lat' dir='ltr'>gravius</span> <span class='ocrx_word' id='word_1_143' title='bbox 1751 1269 1854 1305; x_wconf 88' lang='lat' dir='ltr'>sunt</span> <span class='ocrx_word' id='word_1_144' title='bbox 1886 1277 1972 1306; x_wconf 91' lang='lat' dir='ltr'>cor-</span> 
     </span>
     <span class='ocr_line' id='line_1_17' title="bbox 150 1330 1309 1384; baseline -0.001 -13"><span class='ocrx_word' id='word_1_145' title='bbox 150 1332 325 1382; x_wconf 84' lang='lat' dir='ltr'>ruptim.</span> <span class='ocrx_word' id='word_1_146' title='bbox 358 1333 441 1370; x_wconf 89' lang='lat' dir='ltr'>Pro</span> <span class='ocrx_word' id='word_1_147' title='bbox 471 1330 636 1370; x_wconf 75' lang='grc' dir='ltr'><strong><em>ἕσσαντο</em></strong></span> <span class='ocrx_word' id='word_1_148' title='bbox 668 1333 946 1372; x_wconf 89' lang='lat' dir='ltr'>scribendum</span> <span class='ocrx_word' id='word_1_149' title='bbox 981 1335 1048 1372; x_wconf 87' lang='lat' dir='ltr'>est</span> <span class='ocrx_word' id='word_1_150' title='bbox 1079 1332 1263 1384; x_wconf 56' lang='lat' dir='ltr'>s&#39;fgoavm</span> <span class='ocrx_word' id='word_1_151' title='bbox 1278 1341 1309 1371; x_wconf 76' lang='lat' dir='ltr'>n.</span> 
     </span>
    </p>

    <p class='ocr_par' dir='ltr' id='par_1_6' title="bbox 150 1397 1974 1584">
     <span class='ocr_line' id='line_1_18' title="bbox 272 1397 1972 1454; baseline 0.001 -15"><span class='ocrx_word' id='word_1_152' title='bbox 272 1397 503 1454; x_wconf 64' lang='grc' dir='ltr'>ρέσπεροσ,</span> <span class='ocrx_word' id='word_1_153' title='bbox 537 1400 760 1452; x_wconf 37' lang='grc' dir='ltr'>νεεσπέριοσ.</span> <span class='ocrx_word' id='word_1_154' title='bbox 803 1401 969 1439; x_wconf 88' lang='lat' dir='ltr'>Littera</span> <span class='ocrx_word' id='word_1_155' title='bbox 1005 1417 1046 1452; x_wconf 58' lang='lat' dir='ltr'>f.</span> <span class='ocrx_word' id='word_1_156' title='bbox 1087 1411 1217 1448; x_wconf 89' lang='lat' dir='ltr'>quam</span> <span class='ocrx_word' id='word_1_157' title='bbox 1259 1402 1481 1440; x_wconf 80' lang='lat' dir='ltr'>testantur</span> <span class='ocrx_word' id='word_1_158' title='bbox 1518 1401 1667 1449; x_wconf 81' lang='lat' dir='ltr'>glossa</span> <span class='ocrx_word' id='word_1_159' title='bbox 1698 1400 1897 1450; x_wconf 77' lang='grc' dir='ltr'><strong><em>φέσπερεθ</em></strong></span> <span class='ocrx_word' id='word_1_160' title='bbox 1929 1403 1972 1441; x_wconf 89' lang='lat' dir='ltr'>et</span> 
     </span>
     <span class='ocr_line' id='line_1_19' title="bbox 150 1467 1974 1519; baseline 0.001 -14"><span class='ocrx_word' id='word_1_161' title='bbox 150 1467 289 1506; x_wconf 86' lang='lat' dir='ltr'>latina</span> <span class='ocrx_word' id='word_1_162' title='bbox 330 1477 417 1506; x_wconf 83' lang='lat' dir='ltr'>vox</span> <span class='ocrx_word' id='word_1_163' title='bbox 467 1478 620 1516; x_wconf 77' lang='lat' dir='ltr'>vesper,</span> <span class='ocrx_word' id='word_1_164' title='bbox 659 1470 782 1506; x_wconf 84' lang='lat' dir='ltr'>extat</span> <span class='ocrx_word' id='word_1_165' title='bbox 838 1469 881 1506; x_wconf 90' lang='lat' dir='ltr'>in</span> <span class='ocrx_word' id='word_1_166' title='bbox 930 1468 1095 1516; x_wconf 88' lang='lat' dir='ltr'>lapide:</span> <span class='ocrx_word' id='word_1_167' title='bbox 1140 1471 1315 1517; x_wconf 69' lang='lat' dir='ltr'>Aoqpo&#39;ov</span> <span class='ocrx_word' id='word_1_168' title='bbox 1355 1473 1432 1505; x_wconf 83' lang='grc' dir='ltr'>τῶν</span> <span class='ocrx_word' id='word_1_169' title='bbox 1474 1467 1748 1519; x_wconf 47' lang='grc' dir='ltr'>ρεσπαρίωνμ.</span> <span class='ocrx_word' id='word_1_170' title='bbox 1795 1468 1974 1508; x_wconf 79' lang='lat' dir='ltr'>Cunctis</span> 
     </span>
     <span class='ocr_line' id='line_1_20' title="bbox 154 1535 1147 1584; baseline 0.001 -11"><span class='ocrx_word' id='word_1_171' title='bbox 154 1535 397 1574; x_wconf 89' lang='lat' dir='ltr'>carminum</span> <span class='ocrx_word' id='word_1_172' title='bbox 431 1535 609 1574; x_wconf 89' lang='lat' dir='ltr'>Homeri</span> <span class='ocrx_word' id='word_1_173' title='bbox 642 1536 749 1575; x_wconf 89' lang='lat' dir='ltr'>locis</span> <span class='ocrx_word' id='word_1_174' title='bbox 781 1537 927 1584; x_wconf 85' lang='lat' dir='ltr'>potest</span> <span class='ocrx_word' id='word_1_175' title='bbox 959 1536 1147 1574; x_wconf 88' lang='lat' dir='ltr'>restitui.</span> 
     </span>
    </p>

    <p class='ocr_par' dir='ltr' id='par_1_7' title="bbox 149 1599 1974 1921">
     <span class='ocr_line' id='line_1_21' title="bbox 275 1599 1974 1656; baseline -0.001 -14"><span class='ocrx_word' id='word_1_176' title='bbox 275 1599 415 1656; x_wconf 63' lang='grc' dir='ltr'>ξ’ἐτοσ,</span> <span class='ocrx_word' id='word_1_177' title='bbox 439 1600 579 1655; x_wconf 38' lang='grc' dir='ltr'><strong><em>ὀχέτησ</em></strong></span> <span class='ocrx_word' id='word_1_178' title='bbox 603 1611 619 1641; x_wconf 87' lang='lat' dir='ltr'><em>q</em></span> <span class='ocrx_word' id='word_1_179' title='bbox 646 1606 690 1642; x_wconf 83' lang='lat' dir='ltr'>et</span> <span class='ocrx_word' id='word_1_180' title='bbox 716 1604 802 1642; x_wconf 81' lang='lat' dir='ltr'>alia</span> <span class='ocrx_word' id='word_1_181' title='bbox 829 1603 1072 1651; x_wconf 82' lang='lat' dir='ltr'>composita</span> <span class='ocrx_word' id='word_1_182' title='bbox 1099 1605 1139 1641; x_wconf 90' lang='lat' dir='ltr'>in</span> <span class='ocrx_word' id='word_1_183' title='bbox 1169 1600 1318 1654; x_wconf 57' lang='lat' dir='ltr'>-fs&#39;tmr,</span> <span class='ocrx_word' id='word_1_184' title='bbox 1343 1601 1636 1654; x_wconf 58' lang='lat' dir='ltr'>nevrsfs&#39;mpoo.</span> <span class='ocrx_word' id='word_1_185' title='bbox 1667 1602 1748 1640; x_wconf 87' lang='lat' dir='ltr'>Sed</span> <span class='ocrx_word' id='word_1_186' title='bbox 1767 1600 1974 1651; x_wconf 75' lang='grc' dir='ltr'><strong><em>ἕπετήσιοσ</em></strong></span> 
     </span>
     <span class='ocr_line' id='line_1_22' title="bbox 155 1668 1973 1722; baseline 0 -13"><span class='ocrx_word' id='word_1_187' title='bbox 155 1671 249 1710; x_wconf 90' lang='lat' dir='ltr'>sine</span> <span class='ocrx_word' id='word_1_188' title='bbox 286 1679 355 1722; x_wconf 66' lang='lat' dir='ltr'>fr.</span> <span class='ocrx_word' id='word_1_189' title='bbox 398 1670 605 1719; x_wconf 86' lang='lat' dir='ltr'>Superest</span> <span class='ocrx_word' id='word_1_190' title='bbox 637 1671 731 1710; x_wconf 92' lang='lat' dir='ltr'>soni</span> <span class='ocrx_word' id='word_1_191' title='bbox 758 1686 786 1722; x_wconf 59' lang='lat' dir='ltr'>f</span> <span class='ocrx_word' id='word_1_192' title='bbox 817 1672 993 1718; x_wconf 89' lang='lat' dir='ltr'>signum</span> <span class='ocrx_word' id='word_1_193' title='bbox 1026 1671 1069 1709; x_wconf 91' lang='lat' dir='ltr'>in</span> <span class='ocrx_word' id='word_1_194' title='bbox 1105 1670 1329 1710; x_wconf 88' lang='lat' dir='ltr'>vocabulis</span> <span class='ocrx_word' id='word_1_195' title='bbox 1354 1668 1510 1722; x_wconf 50' lang='grc' dir='ltr'>ρέτεαε,</span> <span class='ocrx_word' id='word_1_196' title='bbox 1538 1668 1829 1722; x_wconf 41' lang='grc' dir='ltr'>,σικατιρέτιεσί</span> <span class='ocrx_word' id='word_1_197' title='bbox 1861 1671 1973 1709; x_wconf 89' lang='lat' dir='ltr'>etin</span> 
     </span>
     <span class='ocr_line' id='line_1_23' title="bbox 149 1735 1972 1787; baseline -0.002 -10"><span class='ocrx_word' id='word_1_198' title='bbox 149 1737 288 1777; x_wconf 87' lang='lat' dir='ltr'>latino</span> <span class='ocrx_word' id='word_1_199' title='bbox 314 1740 447 1785; x_wconf 80' lang='lat' dir='ltr'>vetu3;</span> <span class='ocrx_word' id='word_1_200' title='bbox 476 1738 518 1776; x_wconf 93' lang='lat' dir='ltr'>in</span> <span class='ocrx_word' id='word_1_201' title='bbox 558 1754 581 1776; x_wconf 92' lang='lat' dir='ltr'><em>v</em></span> <span class='ocrx_word' id='word_1_202' title='bbox 609 1740 831 1777; x_wconf 85' lang='lat' dir='ltr'>mutatum</span> <span class='ocrx_word' id='word_1_203' title='bbox 859 1738 1097 1777; x_wconf 84' lang='lat' dir='ltr'>ostendunt</span> <span class='ocrx_word' id='word_1_204' title='bbox 1124 1737 1337 1785; x_wconf 87' lang='lat' dir='ltr'>Hesychii</span> <span class='ocrx_word' id='word_1_205' title='bbox 1365 1738 1538 1785; x_wconf 90' lang='lat' dir='ltr'>glossae</span> <span class='ocrx_word' id='word_1_206' title='bbox 1564 1736 1710 1786; x_wconf 79' lang='grc' dir='ltr'><strong><em>αὐετήσ</em></strong></span> <span class='ocrx_word' id='word_1_207' title='bbox 1736 1739 1779 1776; x_wconf 90' lang='lat' dir='ltr'>et</span> <span class='ocrx_word' id='word_1_208' title='bbox 1806 1735 1925 1786; x_wconf 76' lang='grc' dir='ltr'><strong><em>ὑετήσ</em></strong></span> <span class='ocrx_word' id='word_1_209' title='bbox 1938 1746 1972 1787; x_wconf 74' lang='lat' dir='ltr'>u,</span> 
     </span>
     <span class='ocr_line' id='line_1_24' title="bbox 151 1803 1974 1855; baseline 0 -11"><span class='ocrx_word' id='word_1_210' title='bbox 151 1806 195 1844; x_wconf 93' lang='lat' dir='ltr'>in</span> <span class='ocrx_word' id='word_1_211' title='bbox 232 1820 254 1855; x_wconf 83' lang='lat' dir='ltr'><em>y</em></span> <span class='ocrx_word' id='word_1_212' title='bbox 296 1806 549 1854; x_wconf 85' lang='lat' dir='ltr'>corruptum</span> <span class='ocrx_word' id='word_1_213' title='bbox 592 1805 766 1853; x_wconf 89' lang='lat' dir='ltr'>glossae</span> <span class='ocrx_word' id='word_1_214' title='bbox 808 1804 920 1855; x_wconf 78' lang='grc' dir='ltr'><strong><em>γέτοσ</em></strong></span> <span class='ocrx_word' id='word_1_215' title='bbox 954 1808 997 1844; x_wconf 91' lang='lat' dir='ltr'>et</span> <span class='ocrx_word' id='word_1_216' title='bbox 1028 1803 1152 1855; x_wconf 84' lang='grc' dir='ltr'><strong>γέτορ.</strong></span> <span class='ocrx_word' id='word_1_217' title='bbox 1185 1806 1280 1844; x_wconf 89' lang='lat' dir='ltr'>Non</span> <span class='ocrx_word' id='word_1_218' title='bbox 1313 1805 1397 1843; x_wconf 91' lang='lat' dir='ltr'>nisi</span> <span class='ocrx_word' id='word_1_219' title='bbox 1429 1815 1543 1843; x_wconf 89' lang='lat' dir='ltr'>unus</span> <span class='ocrx_word' id='word_1_220' title='bbox 1576 1815 1732 1843; x_wconf 90' lang='lat' dir='ltr'>versus</span> <span class='ocrx_word' id='word_1_221' title='bbox 1767 1826 1818 1832; x_wconf 82' lang='lat'>-—</span> <span class='ocrx_word' id='word_1_222' title='bbox 1850 1805 1974 1852; x_wconf 88' lang='lat' dir='ltr'>isque</span> 
     </span>
     <span class='ocr_line' id='line_1_25' title="bbox 152 1873 1752 1921; baseline 0 -10"><span class='ocrx_word' id='word_1_223' title='bbox 152 1873 326 1921; x_wconf 85' lang='lat' dir='ltr'>spurius</span> <span class='ocrx_word' id='word_1_224' title='bbox 359 1894 411 1899; x_wconf 93' lang='lat'><strong>—</strong></span> <span class='ocrx_word' id='word_1_225' title='bbox 445 1873 671 1920; x_wconf 89' lang='lat' dir='ltr'>digamma</span> <span class='ocrx_word' id='word_1_226' title='bbox 701 1883 786 1911; x_wconf 87' lang='lat' dir='ltr'>non</span> <span class='ocrx_word' id='word_1_227' title='bbox 822 1873 1065 1911; x_wconf 79' lang='lat' dir='ltr'>admittitv.</span> <span class='ocrx_word' id='word_1_228' title='bbox 1748 1882 1752 1886; x_wconf 90' lang='lat'>·</span> 
     </span>
    </p>

    <p class='ocr_par' dir='ltr' id='par_1_8' title="bbox 152 1936 1976 2124">
     <span class='ocr_line' id='line_1_26' title="bbox 273 1936 1975 1993; baseline -0.001 -14"><span class='ocrx_word' id='word_1_229' title='bbox 273 1936 422 1993; x_wconf 68' lang='lat' dir='ltr'>fetus.</span> <span class='ocrx_word' id='word_1_230' title='bbox 469 1939 702 1987; x_wconf 87' lang='lat' dir='ltr'>Digamma</span> <span class='ocrx_word' id='word_1_231' title='bbox 742 1939 904 1987; x_wconf 85' lang='lat' dir='ltr'>legitur</span> <span class='ocrx_word' id='word_1_232' title='bbox 944 1940 986 1978; x_wconf 90' lang='lat' dir='ltr'>in</span> <span class='ocrx_word' id='word_1_233' title='bbox 1030 1939 1224 1988; x_wconf 83' lang='lat' dir='ltr'>lapidew,</span> <span class='ocrx_word' id='word_1_234' title='bbox 1267 1939 1375 1978; x_wconf 90' lang='lat' dir='ltr'>nulli</span> <span class='ocrx_word' id='word_1_235' title='bbox 1417 1940 1564 1977; x_wconf 88' lang='lat' dir='ltr'>autem</span> <span class='ocrx_word' id='word_1_236' title='bbox 1602 1938 1696 1977; x_wconf 91' lang='lat' dir='ltr'>loco</span> <span class='ocrx_word' id='word_1_237' title='bbox 1728 1939 1975 1977; x_wconf 87' lang='lat' dir='ltr'>carminum</span> 
     </span>
     <span class='ocr_line' id='line_1_27' title="bbox 152 2006 1976 2056; baseline 0 -11"><span class='ocrx_word' id='word_1_238' title='bbox 152 2006 335 2045; x_wconf 84' lang='lat' dir='ltr'>Homeri</span> <span class='ocrx_word' id='word_1_239' title='bbox 376 2016 461 2045; x_wconf 90' lang='lat' dir='ltr'>nou</span> <span class='ocrx_word' id='word_1_240' title='bbox 503 2009 571 2045; x_wconf 89' lang='lat' dir='ltr'>est</span> <span class='ocrx_word' id='word_1_241' title='bbox 613 2009 779 2056; x_wconf 88' lang='lat' dir='ltr'>aptum.</span> <span class='ocrx_word' id='word_1_242' title='bbox 824 2006 905 2045; x_wconf 84' lang='lat' dir='ltr'>Sed</span> <span class='ocrx_word' id='word_1_243' title='bbox 949 2006 1143 2054; x_wconf 84' lang='lat' dir='ltr'>vocibus,</span> <span class='ocrx_word' id='word_1_244' title='bbox 1186 2016 1296 2054; x_wconf 87' lang='lat' dir='ltr'>quae</span> <span class='ocrx_word' id='word_1_245' title='bbox 1329 2006 1382 2044; x_wconf 89' lang='lat' dir='ltr'>ab</span> <span class='ocrx_word' id='word_1_246' title='bbox 1416 2006 1568 2044; x_wconf 89' lang='lat' dir='ltr'>eadem</span> <span class='ocrx_word' id='word_1_247' title='bbox 1601 2006 1737 2054; x_wconf 88' lang='lat' dir='ltr'>stirpe</span> <span class='ocrx_word' id='word_1_248' title='bbox 1769 2006 1976 2045; x_wconf 88' lang='lat' dir='ltr'>videntur</span> 
     </span>
     <span class='ocr_line' id='line_1_28' title="bbox 152 2071 1920 2124; baseline -0.001 -11"><span class='ocrx_word' id='word_1_249' title='bbox 152 2084 250 2113; x_wconf 79' lang='lat' dir='ltr'><strong>esse</strong></span> <span class='ocrx_word' id='word_1_250' title='bbox 281 2074 455 2122; x_wconf 76' lang='lat' dir='ltr'>ductae,</span> <span class='ocrx_word' id='word_1_251' title='bbox 486 2071 640 2122; x_wconf 75' lang='grc' dir='ltr'>ἕταροσ,</span> <span class='ocrx_word' id='word_1_252' title='bbox 670 2072 803 2122; x_wconf 65' lang='grc' dir='ltr'>ἑτάρη,</span> <span class='ocrx_word' id='word_1_253' title='bbox 833 2071 1002 2122; x_wconf 78' lang='grc' dir='ltr'>ἕταῖροσ,</span> <span class='ocrx_word' id='word_1_254' title='bbox 1032 2071 1167 2122; x_wconf 79' lang='grc' dir='ltr'><strong><em>ἕταίρκ</em></strong></span> <span class='ocrx_word' id='word_1_255' title='bbox 1181 2082 1215 2121; x_wconf 69' lang='lat'>2&#39;,</span> <span class='ocrx_word' id='word_1_256' title='bbox 1244 2071 1450 2121; x_wconf 82' lang='grc' dir='ltr'>ἓτα(ι)ρίζω</span> <span class='ocrx_word' id='word_1_257' title='bbox 1483 2082 1617 2111; x_wconf 79' lang='lat' dir='ltr'>SODUS</span> <span class='ocrx_word' id='word_1_258' title='bbox 1644 2089 1673 2124; x_wconf 64' lang='lat' dir='ltr'>f</span> <span class='ocrx_word' id='word_1_259' title='bbox 1705 2083 1789 2111; x_wconf 89' lang='lat' dir='ltr'>non</span> <span class='ocrx_word' id='word_1_260' title='bbox 1823 2073 1920 2112; x_wconf 73' lang='lat' dir='ltr'>fuit.</span> 
     </span>
    </p>

    <p class='ocr_par' dir='ltr' id='par_1_9' title="bbox 151 2137 1978 2392">
     <span class='ocr_line' id='line_1_29' title="bbox 272 2137 1977 2194; baseline -0.001 -14"><span class='ocrx_word' id='word_1_261' title='bbox 272 2137 422 2194; x_wconf 78' lang='grc' dir='ltr'>ς-ῆθ-οσ</span> <span class='ocrx_word' id='word_1_262' title='bbox 438 2137 474 2186; x_wconf 76' lang='lat' dir='ltr'>ij,</span> <span class='ocrx_word' id='word_1_263' title='bbox 506 2139 669 2193; x_wconf 54' lang='lat' dir='ltr'>&amp;fusim</span> <span class='ocrx_word' id='word_1_264' title='bbox 682 2150 708 2178; x_wconf 62' lang='grc' dir='ltr'>τ.</span> <span class='ocrx_word' id='word_1_265' title='bbox 741 2141 801 2181; x_wconf 92' lang='lat' dir='ltr'>Ut</span> <span class='ocrx_word' id='word_1_266' title='bbox 826 2157 855 2193; x_wconf 63' lang='lat' dir='ltr'>f</span> <span class='ocrx_word' id='word_1_267' title='bbox 881 2142 1020 2190; x_wconf 81' lang='lat' dir='ltr'>possit</span> <span class='ocrx_word' id='word_1_268' title='bbox 1051 2141 1239 2190; x_wconf 89' lang='lat' dir='ltr'>restitui,</span> <span class='ocrx_word' id='word_1_269' title='bbox 1273 2142 1317 2179; x_wconf 89' lang='lat' dir='ltr'>in</span> <span class='ocrx_word' id='word_1_270' title='bbox 1350 2140 1517 2179; x_wconf 91' lang='lat' dir='ltr'>duobus</span> <span class='ocrx_word' id='word_1_271' title='bbox 1551 2140 1749 2179; x_wconf 90' lang='lat' dir='ltr'>versibus</span> <span class='ocrx_word' id='word_1_272' title='bbox 1775 2140 1977 2188; x_wconf 89' lang='lat' dir='ltr'>gemellis</span> 
     </span>
     <span class='ocr_line' id='line_1_30' title="bbox 151 2205 1976 2259; baseline -0.001 -12"><span class='ocrx_word' id='word_1_273' title='bbox 151 2209 401 2247; x_wconf 85' lang='lat' dir='ltr'>necessaria</span> <span class='ocrx_word' id='word_1_274' title='bbox 427 2210 496 2247; x_wconf 87' lang='lat' dir='ltr'>est</span> <span class='ocrx_word' id='word_1_275' title='bbox 522 2209 731 2248; x_wconf 88' lang='lat' dir='ltr'>correctio</span> <span class='ocrx_word' id='word_1_276' title='bbox 757 2210 994 2258; x_wconf 85' lang='lat' dir='ltr'>perexigua</span> <span class='ocrx_word' id='word_1_277' title='bbox 1007 2215 1038 2248; x_wconf 72' lang='lat' dir='ltr'>a.</span> <span class='ocrx_word' id='word_1_278' title='bbox 1058 2208 1155 2248; x_wconf 85' lang='lat' dir='ltr'>Vox</span> <span class='ocrx_word' id='word_1_279' title='bbox 1180 2206 1323 2258; x_wconf 79' lang='grc' dir='ltr'><strong><em>ἠθεῐοσ</em></strong></span> <span class='ocrx_word' id='word_1_280' title='bbox 1351 2217 1457 2246; x_wconf 93' lang='lat' dir='ltr'>sono</span> <span class='ocrx_word' id='word_1_281' title='bbox 1480 2223 1509 2259; x_wconf 64' lang='lat' dir='ltr'>f</span> <span class='ocrx_word' id='word_1_282' title='bbox 1536 2208 1729 2246; x_wconf 84' lang='lat' dir='ltr'>caruisse</span> <span class='ocrx_word' id='word_1_283' title='bbox 1755 2207 1928 2246; x_wconf 87' lang='lat' dir='ltr'>videtur</span> <span class='ocrx_word' id='word_1_284' title='bbox 1941 2205 1976 2246; x_wconf 87' lang='lat' dir='ltr'>b.</span> 
     </span>
     <span class='ocr_line' id='line_1_31' title="bbox 153 2273 1978 2327; baseline -0.001 -14"><span class='ocrx_word' id='word_1_285' title='bbox 153 2274 203 2313; x_wconf 90' lang='lat' dir='ltr'>In</span> <span class='ocrx_word' id='word_1_286' title='bbox 240 2275 431 2324; x_wconf 89' lang='lat' dir='ltr'>perfecto</span> <span class='ocrx_word' id='word_1_287' title='bbox 463 2275 588 2314; x_wconf 82' lang='grc' dir='ltr'><strong><em>εἴωθα</em></strong></span> <span class='ocrx_word' id='word_1_288' title='bbox 620 2278 784 2325; x_wconf 84' lang='lat' dir='ltr'>autem,</span> <span class='ocrx_word' id='word_1_289' title='bbox 818 2276 930 2324; x_wconf 87' lang='lat' dir='ltr'>quod</span> <span class='ocrx_word' id='word_1_290' title='bbox 962 2274 1124 2327; x_wconf 58' lang='lat' dir='ltr'>i&#39;sfoova</span> <span class='ocrx_word' id='word_1_291' title='bbox 1155 2275 1239 2314; x_wconf 87' lang='lat' dir='ltr'>fuit</span> <span class='ocrx_word' id='word_1_292' title='bbox 1269 2275 1478 2324; x_wconf 88' lang='lat' dir='ltr'>primitus</span> <span class='ocrx_word' id='word_1_293' title='bbox 1492 2280 1521 2323; x_wconf 82' lang='lat'>0,</span> <span class='ocrx_word' id='word_1_294' title='bbox 1556 2274 1779 2322; x_wconf 90' lang='lat' dir='ltr'>digamma</span> <span class='ocrx_word' id='word_1_295' title='bbox 1809 2273 1978 2312; x_wconf 89' lang='lat' dir='ltr'>initiale</span> 
     </span>
     <span class='ocr_line' id='line_1_32' title="bbox 154 2343 685 2392; baseline 0.004 -12"><span class='ocrx_word' id='word_1_296' title='bbox 154 2351 241 2381; x_wconf 90' lang='lat' dir='ltr'>non</span> <span class='ocrx_word' id='word_1_297' title='bbox 274 2344 341 2381; x_wconf 89' lang='lat' dir='ltr'>est</span> <span class='ocrx_word' id='word_1_298' title='bbox 373 2343 685 2392; x_wconf 85' lang='lat' dir='ltr'>quaerendum.</span> 
     </span>
    </p>
   </div>
   <div class='ocr_carea' id='block_1_3' title="bbox 158 2454 323 2459">
    <p class='ocr_par' dir='ltr' id='par_1_10' title="bbox 158 2454 323 2459">
     <span class='ocr_line' id='line_1_33' title="bbox 158 2454 323 2459; baseline 0 0"><span class='ocrx_word' id='word_1_299' title='bbox 158 2454 323 2459; x_wconf 95' lang='lat' dir='ltr'> </span> 
     </span>
    </p>
   </div>
   <div class='ocr_carea' id='block_1_4' title="bbox 153 2518 1980 2670">
    <p class='ocr_par' dir='ltr' id='par_1_11' title="bbox 153 2518 1980 2670">
     <span class='ocr_line' id='line_1_34' title="bbox 246 2518 1980 2562; baseline -0.004 -8"><span class='ocrx_word' id='word_1_300' title='bbox 246 2535 266 2554; x_wconf 91' lang='lat' dir='ltr'><em>a</em></span> <span class='ocrx_word' id='word_1_301' title='bbox 288 2524 371 2562; x_wconf 78' lang='lat' dir='ltr'>Pag.</span> <span class='ocrx_word' id='word_1_302' title='bbox 398 2525 461 2554; x_wconf 85' lang='grc'>134</span> <span class='ocrx_word' id='word_1_303' title='bbox 481 2535 509 2561; x_wconf 86' lang='grc' dir='ltr'>ν,</span> <span class='ocrx_word' id='word_1_304' title='bbox 527 2534 552 2554; x_wconf 77' lang='lat' dir='ltr'>s.</span> <span class='ocrx_word' id='word_1_305' title='bbox 701 2523 717 2553; x_wconf 86' lang='lat' dir='ltr'><em>b</em></span> <span class='ocrx_word' id='word_1_306' title='bbox 742 2522 904 2554; x_wconf 87' lang='lat' dir='ltr'>Breviore</span> <span class='ocrx_word' id='word_1_307' title='bbox 929 2522 1142 2553; x_wconf 84' lang='lat' dir='ltr'>substantivi</span> <span class='ocrx_word' id='word_1_308' title='bbox 1169 2523 1279 2552; x_wconf 82' lang='lat' dir='ltr'>forma</span> <span class='ocrx_word' id='word_1_309' title='bbox 1297 2521 1397 2562; x_wconf 57' lang='lat' dir='ltr'>sipon</span> <span class='ocrx_word' id='word_1_310' title='bbox 1416 2523 1519 2559; x_wconf 84' lang='lat' dir='ltr'>poeta</span> <span class='ocrx_word' id='word_1_311' title='bbox 1539 2528 1623 2550; x_wconf 88' lang='lat' dir='ltr'>usus</span> <span class='ocrx_word' id='word_1_312' title='bbox 1647 2528 1723 2549; x_wconf 83' lang='lat' dir='ltr'>esse</span> <span class='ocrx_word' id='word_1_313' title='bbox 1742 2527 1809 2548; x_wconf 91' lang='lat' dir='ltr'>non</span> <span class='ocrx_word' id='word_1_314' title='bbox 1828 2518 1980 2554; x_wconf 70' lang='lat' dir='ltr'>videtur-5</span> 
     </span>
     <span class='ocr_line' id='line_1_35' title="bbox 153 2570 1979 2615; baseline -0.004 -8"><span class='ocrx_word' id='word_1_315' title='bbox 153 2577 372 2615; x_wconf 79' lang='lat' dir='ltr'>trisyllabam</span> <span class='ocrx_word' id='word_1_316' title='bbox 405 2578 509 2607; x_wconf 77' lang='lat' dir='ltr'>etiam</span> <span class='ocrx_word' id='word_1_317' title='bbox 543 2576 715 2607; x_wconf 80' lang='lat' dir='ltr'>Pindarus</span> <span class='ocrx_word' id='word_1_318' title='bbox 744 2577 842 2607; x_wconf 88' lang='lat' dir='ltr'>Nem.</span> <span class='ocrx_word' id='word_1_319' title='bbox 872 2576 926 2607; x_wconf 91' lang='grc' dir='ltr'>ΙΙΙ</span> <span class='ocrx_word' id='word_1_320' title='bbox 953 2577 1016 2606; x_wconf 87' lang='lat'>135</span> <span class='ocrx_word' id='word_1_321' title='bbox 1049 2576 1092 2605; x_wconf 83' lang='lat' dir='ltr'>al.</span> <span class='ocrx_word' id='word_1_322' title='bbox 1123 2577 1158 2605; x_wconf 84' lang='lat' dir='ltr'>et</span> <span class='ocrx_word' id='word_1_323' title='bbox 1182 2573 1390 2605; x_wconf 76' lang='lat' dir='ltr'>Theocritus</span> <span class='ocrx_word' id='word_1_324' title='bbox 1413 2573 1447 2603; x_wconf 94' lang='lat' dir='ltr'>II</span> <span class='ocrx_word' id='word_1_325' title='bbox 1474 2573 1536 2603; x_wconf 78' lang='lat'>107</span> <span class='ocrx_word' id='word_1_326' title='bbox 1562 2573 1786 2611; x_wconf 80' lang='lat' dir='ltr'>usurparunt.</span> <span class='ocrx_word' id='word_1_327' title='bbox 1809 2570 1979 2600; x_wconf 86' lang='lat' dir='ltr'>Adiectivi</span> 
     </span>
     <span class='ocr_line' id='line_1_36' title="bbox 157 2625 1979 2670; baseline -0.004 -10"><span class='ocrx_word' id='word_1_328' title='bbox 157 2631 267 2660; x_wconf 80' lang='lat' dir='ltr'>forma</span> <span class='ocrx_word' id='word_1_329' title='bbox 294 2627 441 2668; x_wconf 81' lang='lat' dir='ltr'>amplior</span> <span class='ocrx_word' id='word_1_330' title='bbox 473 2632 629 2670; x_wconf 62' lang='lat' dir='ltr'>lfepmjew</span> <span class='ocrx_word' id='word_1_331' title='bbox 653 2629 781 2668; x_wconf 86' lang='lat' dir='ltr'>legitur</span> <span class='ocrx_word' id='word_1_332' title='bbox 805 2630 836 2660; x_wconf 86' lang='grc' dir='ltr'><strong>Ω</strong></span> <span class='ocrx_word' id='word_1_333' title='bbox 861 2630 937 2665; x_wconf 88' lang='lat'>419,</span> <span class='ocrx_word' id='word_1_334' title='bbox 962 2628 1108 2666; x_wconf 84' lang='lat' dir='ltr'>legenda</span> <span class='ocrx_word' id='word_1_335' title='bbox 1131 2629 1185 2658; x_wconf 80' lang='lat' dir='ltr'>est</span> <span class='ocrx_word' id='word_1_336' title='bbox 1208 2627 1313 2658; x_wconf 83' lang='lat' dir='ltr'>etiam</span> <span class='ocrx_word' id='word_1_337' title='bbox 1337 2629 1371 2658; x_wconf 90' lang='grc' dir='ltr'><em>Ξ</em></span> <span class='ocrx_word' id='word_1_338' title='bbox 1393 2627 1457 2656; x_wconf 86' lang='grc'>348</span> <span class='ocrx_word' id='word_1_339' title='bbox 1482 2626 1514 2655; x_wconf 79' lang='grc' dir='ltr'><em>Ω</em></span> <span class='ocrx_word' id='word_1_340' title='bbox 1539 2626 1615 2656; x_wconf 78' lang='lat'>757.</span> <span class='ocrx_word' id='word_1_341' title='bbox 1635 2625 1795 2654; x_wconf 82' lang='lat' dir='ltr'>Alienum</span> <span class='ocrx_word' id='word_1_342' title='bbox 1816 2626 1869 2653; x_wconf 87' lang='lat' dir='ltr'>est</span> <span class='ocrx_word' id='word_1_343' title='bbox 1892 2625 1979 2663; x_wconf 74' lang='grc' dir='ltr'><strong><em>ἕρσαι</em></strong></span> 
     </span>
    </p>
   </div>
   <div class='ocr_carea' id='block_1_5' title="bbox 157 2677 1982 3145">
    <p class='ocr_par' dir='ltr' id='par_1_12' title="bbox 157 2677 1979 2929">
     <span class='ocr_line' id='line_1_37' title="bbox 157 2677 1978 2721; baseline -0.005 -7"><span class='ocrx_word' id='word_1_344' title='bbox 157 2696 167 2714; x_wconf 81' lang='grc' dir='ltr'><strong><em>ι</em></strong></span> <span class='ocrx_word' id='word_1_345' title='bbox 189 2684 266 2714; x_wconf 87' lang='grc'><strong>222.</strong></span> <span class='ocrx_word' id='word_1_346' title='bbox 398 2692 414 2713; x_wconf 78' lang='lat' dir='ltr'>c</span> <span class='ocrx_word' id='word_1_347' title='bbox 438 2683 456 2721; x_wconf 69' lang='grc' dir='ltr'>ξ</span> <span class='ocrx_word' id='word_1_348' title='bbox 477 2684 554 2713; x_wconf 86' lang='grc'><strong>293.</strong></span> <span class='ocrx_word' id='word_1_349' title='bbox 687 2682 711 2712; x_wconf 88' lang='lat' dir='ltr'>d</span> <span class='ocrx_word' id='word_1_350' title='bbox 731 2681 813 2720; x_wconf 73' lang='lat' dir='ltr'>Pag.</span> <span class='ocrx_word' id='word_1_351' title='bbox 834 2683 897 2712; x_wconf 88' lang='lat'>134</span> <span class='ocrx_word' id='word_1_352' title='bbox 918 2682 941 2717; x_wconf 88' lang='lat' dir='ltr'>i,</span> <span class='ocrx_word' id='word_1_353' title='bbox 963 2692 993 2711; x_wconf 84' lang='lat' dir='ltr'>n.</span> <span class='ocrx_word' id='word_1_354' title='bbox 1129 2690 1146 2710; x_wconf 86' lang='lat' dir='ltr'>e</span> <span class='ocrx_word' id='word_1_355' title='bbox 1165 2681 1192 2710; x_wconf 88' lang='lat' dir='ltr'>E</span> <span class='ocrx_word' id='word_1_356' title='bbox 1211 2679 1450 2717; x_wconf 79' lang='lat' dir='ltr'>monosyllaba</span> <span class='ocrx_word' id='word_1_357' title='bbox 1470 2679 1579 2716; x_wconf 84' lang='lat' dir='ltr'>stirpe</span> <span class='ocrx_word' id='word_1_358' title='bbox 1594 2688 1678 2718; x_wconf 60' lang='lat' dir='ltr'>fova</span> <span class='ocrx_word' id='word_1_359' title='bbox 1698 2678 1878 2715; x_wconf 74' lang='lat' dir='ltr'>praeterea</span> <span class='ocrx_word' id='word_1_360' title='bbox 1897 2677 1978 2704; x_wconf 80' lang='lat' dir='ltr'>nata.</span> 
     </span>
     <span class='ocr_line' id='line_1_38' title="bbox 159 2728 1974 2776; baseline -0.005 -11"><span class='ocrx_word' id='word_1_361' title='bbox 159 2738 240 2766; x_wconf 77' lang='lat' dir='ltr'>sunt</span> <span class='ocrx_word' id='word_1_362' title='bbox 263 2736 411 2775; x_wconf 64' lang='grc' dir='ltr'>ῥυσιάζω,</span> <span class='ocrx_word' id='word_1_363' title='bbox 437 2735 480 2765; x_wconf 82' lang='lat' dir='ltr'>al.</span> <span class='ocrx_word' id='word_1_364' title='bbox 651 2735 682 2776; x_wconf 88' lang='lat' dir='ltr'><strong><em>s</em></strong></span> <span class='ocrx_word' id='word_1_365' title='bbox 701 2737 729 2764; x_wconf 85' lang='lat' dir='ltr'><em>A</em></span> <span class='ocrx_word' id='word_1_366' title='bbox 754 2735 831 2771; x_wconf 78' lang='lat'>467,</span> <span class='ocrx_word' id='word_1_367' title='bbox 855 2735 919 2764; x_wconf 77' lang='lat'>492</span> <span class='ocrx_word' id='word_1_368' title='bbox 945 2734 976 2764; x_wconf 80' lang='grc' dir='ltr'><em>Ω</em></span> <span class='ocrx_word' id='word_1_369' title='bbox 1002 2735 1041 2764; x_wconf 83' lang='lat'>16</span> <span class='ocrx_word' id='word_1_370' title='bbox 1067 2734 1085 2763; x_wconf 76' lang='grc' dir='ltr'><em>δ</em></span> <span class='ocrx_word' id='word_1_371' title='bbox 1110 2734 1173 2763; x_wconf 79' lang='lat'>577</span> <span class='ocrx_word' id='word_1_372' title='bbox 1199 2744 1217 2763; x_wconf 72' lang='grc' dir='ltr'><em>κ</em></span> <span class='ocrx_word' id='word_1_373' title='bbox 1240 2733 1320 2769; x_wconf 82' lang='grc'><strong>403,</strong></span> <span class='ocrx_word' id='word_1_374' title='bbox 1342 2732 1407 2762; x_wconf 80' lang='grc'>423</span> <span class='ocrx_word' id='word_1_375' title='bbox 1432 2735 1447 2761; x_wconf 77' lang='lat'>³.</span> <span class='ocrx_word' id='word_1_376' title='bbox 1473 2733 1491 2761; x_wconf 86' lang='lat'>2</span> <span class='ocrx_word' id='word_1_377' title='bbox 1514 2743 1531 2770; x_wconf 83' lang='grc' dir='ltr'><strong><em>ρ</em></strong></span> <span class='ocrx_word' id='word_1_378' title='bbox 1555 2731 1632 2760; x_wconf 73' lang='grc'><strong>479.</strong></span> <span class='ocrx_word' id='word_1_379' title='bbox 1806 2738 1828 2767; x_wconf 74' lang='lat'>9</span> <span class='ocrx_word' id='word_1_380' title='bbox 1853 2729 1888 2756; x_wconf 79' lang='lat' dir='ltr'><strong><em>A</em></strong></span> <span class='ocrx_word' id='word_1_381' title='bbox 1914 2728 1974 2757; x_wconf 82' lang='grc'>141</span> 
     </span>
     <span class='ocr_line' id='line_1_39' title="bbox 158 2777 1977 2828; baseline -0.006 -9"><span class='ocrx_word' id='word_1_382' title='bbox 158 2791 188 2818; x_wconf 82' lang='grc' dir='ltr'><strong>Ρ</strong></span> <span class='ocrx_word' id='word_1_383' title='bbox 208 2788 285 2828; x_wconf 84' lang='grc'><strong>635,</strong></span> <span class='ocrx_word' id='word_1_384' title='bbox 310 2789 374 2819; x_wconf 85' lang='grc'><strong>’113</strong></span> <span class='ocrx_word' id='word_1_385' title='bbox 401 2791 435 2818; x_wconf 77' lang='grc' dir='ltr'>Ψ</span> <span class='ocrx_word' id='word_1_386' title='bbox 457 2789 495 2818; x_wconf 89' lang='grc'>21</span> <span class='ocrx_word' id='word_1_387' title='bbox 519 2788 641 2826; x_wconf 82' lang='lat' dir='ltr'>(spur.)</span> <span class='ocrx_word' id='word_1_388' title='bbox 665 2799 684 2817; x_wconf 82' lang='lat' dir='ltr'><strong><em>a</em></strong></span> <span class='ocrx_word' id='word_1_389' title='bbox 710 2789 771 2817; x_wconf 90' lang='grc'><strong>441</strong></span> <span class='ocrx_word' id='word_1_390' title='bbox 798 2791 823 2817; x_wconf 72' lang='grc' dir='ltr'><em>θ</em></span> <span class='ocrx_word' id='word_1_391' title='bbox 848 2788 890 2816; x_wconf 87' lang='grc'><strong>34</strong></span> <span class='ocrx_word' id='word_1_392' title='bbox 916 2799 925 2816; x_wconf 83' lang='grc' dir='ltr'>ι</span> <span class='ocrx_word' id='word_1_393' title='bbox 951 2787 990 2817; x_wconf 81' lang='lat'>&#39;17</span> <span class='ocrx_word' id='word_1_394' title='bbox 1015 2798 1038 2822; x_wconf 87' lang='grc' dir='ltr'>μ</span> <span class='ocrx_word' id='word_1_395' title='bbox 1062 2786 1127 2816; x_wconf 92' lang='grc'>402</span> <span class='ocrx_word' id='word_1_396' title='bbox 1152 2795 1174 2814; x_wconf 82' lang='lat' dir='ltr'><strong><em>n</em></strong></span> <span class='ocrx_word' id='word_1_397' title='bbox 1199 2786 1263 2815; x_wconf 88' lang='lat'>348</span> <span class='ocrx_word' id='word_1_398' title='bbox 1288 2796 1303 2814; x_wconf 77' lang='grc' dir='ltr'><strong><em>τ</em></strong></span> <span class='ocrx_word' id='word_1_399' title='bbox 1329 2785 1406 2814; x_wconf 89' lang='grc'><strong>481.</strong></span> <span class='ocrx_word' id='word_1_400' title='bbox 1541 2782 1560 2812; x_wconf 75' lang='lat' dir='ltr'><em>h</em></span> <span class='ocrx_word' id='word_1_401' title='bbox 1585 2783 1602 2820; x_wconf 66' lang='grc' dir='ltr'>ἓ</span> <span class='ocrx_word' id='word_1_402' title='bbox 1624 2782 1700 2812; x_wconf 84' lang='grc'><strong>303.</strong></span> <span class='ocrx_word' id='word_1_403' title='bbox 1834 2779 1847 2808; x_wconf 84' lang='lat' dir='ltr'>i</span> <span class='ocrx_word' id='word_1_404' title='bbox 1871 2777 1977 2808; x_wconf 88' lang='lat' dir='ltr'>Codd.</span> 
     </span>
     <span class='ocr_line' id='line_1_40' title="bbox 157 2830 1977 2879; baseline -0.005 -9"><span class='ocrx_word' id='word_1_405' title='bbox 157 2842 298 2877; x_wconf 72' lang='grc' dir='ltr'>ἀνειμων.</span> <span class='ocrx_word' id='word_1_406' title='bbox 435 2839 456 2879; x_wconf 83' lang='lat' dir='ltr'><strong><em>j</em></strong></span> <span class='ocrx_word' id='word_1_407' title='bbox 478 2841 560 2877; x_wconf 86' lang='lat' dir='ltr'>Pag.</span> <span class='ocrx_word' id='word_1_408' title='bbox 585 2840 638 2870; x_wconf 89' lang='lat'>58.</span> <span class='ocrx_word' id='word_1_409' title='bbox 785 2839 805 2869; x_wconf 86' lang='lat' dir='ltr'>lc</span> <span class='ocrx_word' id='word_1_410' title='bbox 828 2840 970 2877; x_wconf 79' lang='lat' dir='ltr'>Gortyn.</span> <span class='ocrx_word' id='word_1_411' title='bbox 995 2839 1081 2868; x_wconf 85' lang='lat'>4991</span> <span class='ocrx_word' id='word_1_412' title='bbox 1106 2835 1190 2868; x_wconf 78' lang='lat'>111⁸⁸</span> <span class='ocrx_word' id='word_1_413' title='bbox 1214 2835 1301 2872; x_wconf 82' lang='lat' dir='ltr'>1v⁴⁰‚</span> <span class='ocrx_word' id='word_1_414' title='bbox 1324 2837 1424 2872; x_wconf 84' lang='lat'>4992,</span> <span class='ocrx_word' id='word_1_415' title='bbox 1450 2836 1547 2865; x_wconf 83' lang='lat'>5000.</span> <span class='ocrx_word' id='word_1_416' title='bbox 1706 2832 1720 2862; x_wconf 85' lang='lat' dir='ltr'><em>l</em></span> <span class='ocrx_word' id='word_1_417' title='bbox 1741 2836 1766 2862; x_wconf 82' lang='grc' dir='ltr'><em>Σ</em></span> <span class='ocrx_word' id='word_1_418' title='bbox 1785 2833 1848 2861; x_wconf 89' lang='grc'>613</span> <span class='ocrx_word' id='word_1_419' title='bbox 1873 2830 1889 2865; x_wconf 73' lang='grc' dir='ltr'><em>ξ</em></span> <span class='ocrx_word' id='word_1_420' title='bbox 1913 2832 1977 2861; x_wconf 83' lang='grc'>510</span> 
     </span>
     <span class='ocr_line' id='line_1_41' title="bbox 159 2883 1979 2929; baseline -0.005 -5"><span class='ocrx_word' id='word_1_421' title='bbox 159 2906 183 2924; x_wconf 77' lang='grc' dir='ltr'><em>ω</em></span> <span class='ocrx_word' id='word_1_422' title='bbox 207 2894 260 2924; x_wconf 80' lang='grc'><strong>67.</strong></span> <span class='ocrx_word' id='word_1_423' title='bbox 394 2904 423 2923; x_wconf 89' lang='lat' dir='ltr'>m</span> <span class='ocrx_word' id='word_1_424' title='bbox 451 2895 481 2923; x_wconf 89' lang='grc' dir='ltr'><strong><em>Γ</em></strong></span> <span class='ocrx_word' id='word_1_425' title='bbox 500 2894 540 2923; x_wconf 83' lang='grc'>57</span> <span class='ocrx_word' id='word_1_426' title='bbox 565 2896 591 2922; x_wconf 83' lang='grc' dir='ltr'><em>Σ</em></span> <span class='ocrx_word' id='word_1_427' title='bbox 613 2893 678 2922; x_wconf 85' lang='grc'><strong>352</strong></span> <span class='ocrx_word' id='word_1_428' title='bbox 705 2895 735 2922; x_wconf 73' lang='grc' dir='ltr'><strong><em>Ψ</em></strong></span> <span class='ocrx_word' id='word_1_429' title='bbox 759 2893 823 2922; x_wconf 85' lang='lat'>254</span> <span class='ocrx_word' id='word_1_430' title='bbox 849 2893 865 2926; x_wconf 81' lang='grc' dir='ltr'><em>ζ</em></span> <span class='ocrx_word' id='word_1_431' title='bbox 886 2893 927 2922; x_wconf 84' lang='grc'><strong>83</strong></span> <span class='ocrx_word' id='word_1_432' title='bbox 954 2903 969 2929; x_wconf 84' lang='grc' dir='ltr'>η</span> <span class='ocrx_word' id='word_1_433' title='bbox 994 2891 1070 2921; x_wconf 81' lang='lat'>259.</span> <span class='ocrx_word' id='word_1_434' title='bbox 1216 2900 1237 2919; x_wconf 86' lang='lat' dir='ltr'>n</span> <span class='ocrx_word' id='word_1_435' title='bbox 1261 2891 1297 2921; x_wconf 89' lang='grc' dir='ltr'><em>Ξ</em></span> <span class='ocrx_word' id='word_1_436' title='bbox 1319 2890 1381 2919; x_wconf 81' lang='grc'><strong>383</strong></span> <span class='ocrx_word' id='word_1_437' title='bbox 1406 2900 1430 2918; x_wconf 76' lang='grc' dir='ltr'>ω</span> <span class='ocrx_word' id='word_1_438' title='bbox 1454 2888 1532 2922; x_wconf 84' lang='grc'><strong>467,</strong></span> <span class='ocrx_word' id='word_1_439' title='bbox 1554 2887 1628 2916; x_wconf 89' lang='grc'>500.</span> <span class='ocrx_word' id='word_1_440' title='bbox 1773 2894 1790 2914; x_wconf 92' lang='lat' dir='ltr'>o</span> <span class='ocrx_word' id='word_1_441' title='bbox 1813 2885 1866 2914; x_wconf 78' lang='lat' dir='ltr'>Et.</span> <span class='ocrx_word' id='word_1_442' title='bbox 1891 2883 1979 2914; x_wconf 88' lang='lat' dir='ltr'>Gud.</span> 
     </span>
    </p>

    <p class='ocr_par' dir='ltr' id='par_1_13' title="bbox 158 2937 1982 3145">
     <span class='ocr_line' id='line_1_42' title="bbox 286 2937 1982 2986; baseline -0.007 -9"><span class='ocrx_word' id='word_1_443' title='bbox 286 2957 311 2986; x_wconf 80' lang='lat' dir='ltr'>p</span> <span class='ocrx_word' id='word_1_444' title='bbox 334 2947 433 2977; x_wconf 86' lang='lat' dir='ltr'>Locr.</span> <span class='ocrx_word' id='word_1_445' title='bbox 459 2947 557 2976; x_wconf 83' lang='grc'><strong>1478.</strong></span> <span class='ocrx_word' id='word_1_446' title='bbox 692 2955 709 2985; x_wconf 85' lang='lat' dir='ltr'><em>q</em></span> <span class='ocrx_word' id='word_1_447' title='bbox 732 2947 761 2975; x_wconf 89' lang='grc' dir='ltr'><strong><em>Β</em></strong></span> <span class='ocrx_word' id='word_1_448' title='bbox 787 2944 861 2980; x_wconf 79' lang='lat'><strong>765,</strong></span> <span class='ocrx_word' id='word_1_449' title='bbox 886 2944 985 2975; x_wconf 87' lang='lat' dir='ltr'>codd.</span> <span class='ocrx_word' id='word_1_450' title='bbox 1011 2943 1083 2973; x_wconf 78' lang='grc' dir='ltr'><strong>οἰέτ.</strong></span> <span class='ocrx_word' id='word_1_451' title='bbox 1217 2953 1234 2972; x_wconf 88' lang='lat' dir='ltr'>r</span> <span class='ocrx_word' id='word_1_452' title='bbox 1258 2955 1274 2980; x_wconf 88' lang='grc' dir='ltr'>η</span> <span class='ocrx_word' id='word_1_453' title='bbox 1300 2943 1363 2972; x_wconf 89' lang='grc'>118</span> <span class='ocrx_word' id='word_1_454' title='bbox 1386 2940 1524 2978; x_wconf 61' lang='lat' dir='ltr'>(spur).</span> <span class='ocrx_word' id='word_1_455' title='bbox 1669 2947 1685 2968; x_wconf 75' lang='lat' dir='ltr'>s</span> <span class='ocrx_word' id='word_1_456' title='bbox 1710 2937 1865 2975; x_wconf 61' lang='lat' dir='ltr'>Gortyn„</span> <span class='ocrx_word' id='word_1_457' title='bbox 1887 2937 1982 2973; x_wconf 67' lang='lat' dir='ltr'>Lae,</span> 
     </span>
     <span class='ocr_line' id='line_1_43' title="bbox 158 2988 1979 3037; baseline -0.007 -7"><span class='ocrx_word' id='word_1_458' title='bbox 158 3000 268 3035; x_wconf 68' lang='lat' dir='ltr'>Loor„</span> <span class='ocrx_word' id='word_1_459' title='bbox 294 2997 426 3036; x_wconf 65' lang='lat' dir='ltr'>Boset„</span> <span class='ocrx_word' id='word_1_460' title='bbox 448 2997 512 3036; x_wconf 70' lang='lat' dir='ltr'>El„</span> <span class='ocrx_word' id='word_1_461' title='bbox 535 2999 649 3037; x_wconf 61' lang='lat' dir='ltr'>cypr„</span> <span class='ocrx_word' id='word_1_462' title='bbox 671 2996 789 3033; x_wconf 72' lang='lat' dir='ltr'>Selin„</span> <span class='ocrx_word' id='word_1_463' title='bbox 811 2996 1003 3035; x_wconf 65' lang='lat' dir='ltr'>Pamphyl„</span> <span class='ocrx_word' id='word_1_464' title='bbox 1027 2996 1165 3026; x_wconf 77' lang='lat' dir='ltr'>Heracl.</span> <span class='ocrx_word' id='word_1_465' title='bbox 1344 2996 1356 3024; x_wconf 78' lang='lat' dir='ltr'>t</span> <span class='ocrx_word' id='word_1_466' title='bbox 1382 2994 1500 3024; x_wconf 84' lang='lat' dir='ltr'>Boeot.</span> <span class='ocrx_word' id='word_1_467' title='bbox 1525 2992 1601 3022; x_wconf 88' lang='lat'>418.</span> <span class='ocrx_word' id='word_1_468' title='bbox 1779 3000 1798 3020; x_wconf 85' lang='lat' dir='ltr'>u</span> <span class='ocrx_word' id='word_1_469' title='bbox 1822 2989 1862 3020; x_wconf 87' lang='lat' dir='ltr'>Id</span> <span class='ocrx_word' id='word_1_470' title='bbox 1887 2988 1979 3027; x_wconf 88' lang='lat' dir='ltr'>quod</span> 
     </span>
     <span class='ocr_line' id='line_1_44' title="bbox 160 3041 1979 3090; baseline -0.007 -8"><span class='ocrx_word' id='word_1_471' title='bbox 160 3052 298 3090; x_wconf 81' lang='lat' dir='ltr'>epicum</span> <span class='ocrx_word' id='word_1_472' title='bbox 325 3051 444 3090; x_wconf 69' lang='lat' dir='ltr'>dfe&#39;tqa.</span> <span class='ocrx_word' id='word_1_473' title='bbox 577 3061 594 3080; x_wconf 83' lang='lat' dir='ltr'><em>v</em></span> <span class='ocrx_word' id='word_1_474' title='bbox 619 3053 647 3080; x_wconf 88' lang='lat' dir='ltr'><strong><em>B</em></strong></span> <span class='ocrx_word' id='word_1_475' title='bbox 671 3051 747 3079; x_wconf 83' lang='lat'>328.</span> <span class='ocrx_word' id='word_1_476' title='bbox 881 3059 907 3079; x_wconf 87' lang='lat' dir='ltr'><em>w</em></span> <span class='ocrx_word' id='word_1_477' title='bbox 926 3049 1026 3086; x_wconf 66' lang='lat' dir='ltr'><em>fae&#39;ffla</em></span> <span class='ocrx_word' id='word_1_478' title='bbox 1050 3048 1102 3078; x_wconf 85' lang='lat' dir='ltr'>El.</span> <span class='ocrx_word' id='word_1_479' title='bbox 1127 3048 1213 3078; x_wconf 81' lang='lat'>1149</span> <span class='ocrx_word' id='word_1_480' title='bbox 1236 3046 1446 3084; x_wconf 73' lang='lat' dir='ltr'>(=Ir5uinr10,</span> <span class='ocrx_word' id='word_1_481' title='bbox 1469 3044 1578 3074; x_wconf 79' lang='lat' dir='ltr'>Thac.</span> <span class='ocrx_word' id='word_1_482' title='bbox 1597 3043 1624 3072; x_wconf 86' lang='lat' dir='ltr'><strong>V</strong></span> <span class='ocrx_word' id='word_1_483' title='bbox 1649 3042 1719 3080; x_wconf 75' lang='lat'>79).</span> <span class='ocrx_word' id='word_1_484' title='bbox 1853 3052 1875 3071; x_wconf 73' lang='lat' dir='ltr'>a·</span> <span class='ocrx_word' id='word_1_485' title='bbox 1897 3041 1979 3078; x_wconf 75' lang='lat' dir='ltr'>Pag.</span> 
     </span>
     <span class='ocr_line' id='line_1_45' title="bbox 163 3094 1979 3145; baseline -0.007 -11"><span class='ocrx_word' id='word_1_486' title='bbox 163 3104 268 3145; x_wconf 84' lang='lat' dir='ltr'>114f.</span> <span class='ocrx_word' id='word_1_487' title='bbox 399 3104 425 3142; x_wconf 80' lang='lat' dir='ltr'>ij</span> <span class='ocrx_word' id='word_1_488' title='bbox 449 3104 466 3141; x_wconf 62' lang='grc' dir='ltr'><strong>ς</strong></span> <span class='ocrx_word' id='word_1_489' title='bbox 491 3104 567 3133; x_wconf 88' lang='grc'><strong>218.</strong></span> <span class='ocrx_word' id='word_1_490' title='bbox 701 3112 717 3131; x_wconf 76' lang='lat' dir='ltr'><strong><em>z</em></strong></span> <span class='ocrx_word' id='word_1_491' title='bbox 745 3103 774 3132; x_wconf 83' lang='lat' dir='ltr'><em>K</em></span> <span class='ocrx_word' id='word_1_492' title='bbox 795 3102 872 3132; x_wconf 82' lang='lat'>498.</span> <span class='ocrx_word' id='word_1_493' title='bbox 1009 3110 1027 3130; x_wconf 86' lang='lat' dir='ltr'>a</span> <span class='ocrx_word' id='word_1_494' title='bbox 1050 3103 1079 3129; x_wconf 91' lang='lat' dir='ltr'><em>Z</em></span> <span class='ocrx_word' id='word_1_495' title='bbox 1104 3101 1168 3130; x_wconf 88' lang='grc'>511</span> <span class='ocrx_word' id='word_1_496' title='bbox 1199 3103 1223 3129; x_wconf 92' lang='grc' dir='ltr'><strong><em>ο</em></strong></span> <span class='ocrx_word' id='word_1_497' title='bbox 1246 3100 1323 3129; x_wconf 89' lang='grc'><strong>268.</strong></span> <span class='ocrx_word' id='word_1_498' title='bbox 1462 3097 1484 3126; x_wconf 93' lang='lat' dir='ltr'>b</span> <span class='ocrx_word' id='word_1_499' title='bbox 1513 3099 1546 3126; x_wconf 76' lang='grc' dir='ltr'><strong><em>Ψ</em></strong></span> <span class='ocrx_word' id='word_1_500' title='bbox 1569 3097 1611 3126; x_wconf 85' lang='grc'>94</span> <span class='ocrx_word' id='word_1_501' title='bbox 1636 3094 1651 3129; x_wconf 81' lang='grc' dir='ltr'><strong><em>ξ</em></strong></span> <span class='ocrx_word' id='word_1_502' title='bbox 1676 3095 1752 3132; x_wconf 81' lang='grc'><strong>147,</strong></span> <span class='ocrx_word' id='word_1_503' title='bbox 1776 3095 1835 3132; x_wconf 88' lang='lat' dir='ltr'>qui</span> <span class='ocrx_word' id='word_1_504' title='bbox 1859 3101 1979 3123; x_wconf 81' lang='lat' dir='ltr'>versus</span> 
     </span>
    </p>
   </div>
   <div class='ocr_carea' id='block_1_6' title="bbox 161 3147 1742 3192">
    <p class='ocr_par' dir='ltr' id='par_1_14' title="bbox 161 3147 1742 3192">
     <span class='ocr_line' id='line_1_46' title="bbox 161 3147 1742 3192; baseline -0.006 -7"><span class='ocrx_word' id='word_1_505' title='bbox 161 3156 205 3186; x_wconf 72' lang='lat' dir='ltr'>ad</span> <span class='ocrx_word' id='word_1_506' title='bbox 222 3156 312 3186; x_wconf 76' lang='lat' dir='ltr'>hanc</span> <span class='ocrx_word' id='word_1_507' title='bbox 334 3164 407 3187; x_wconf 87' lang='lat' dir='ltr'>rem</span> <span class='ocrx_word' id='word_1_508' title='bbox 432 3155 661 3186; x_wconf 84' lang='lat' dir='ltr'>dirimendam</span> <span class='ocrx_word' id='word_1_509' title='bbox 687 3155 751 3185; x_wconf 90' lang='lat' dir='ltr'>soli</span> <span class='ocrx_word' id='word_1_510' title='bbox 776 3152 909 3192; x_wconf 83' lang='lat' dir='ltr'>aliquid</span> <span class='ocrx_word' id='word_1_511' title='bbox 932 3153 1061 3189; x_wconf 82' lang='lat' dir='ltr'>valent,</span> <span class='ocrx_word' id='word_1_512' title='bbox 1079 3164 1103 3190; x_wconf 72' lang='lat' dir='ltr'><strong><em>f</em></strong></span> <span class='ocrx_word' id='word_1_513' title='bbox 1126 3151 1207 3181; x_wconf 74' lang='lat' dir='ltr'>addi</span> <span class='ocrx_word' id='word_1_514' title='bbox 1230 3159 1296 3181; x_wconf 87' lang='lat' dir='ltr'>non</span> <span class='ocrx_word' id='word_1_515' title='bbox 1320 3151 1446 3188; x_wconf 77' lang='lat' dir='ltr'>potest.</span> <span class='ocrx_word' id='word_1_516' title='bbox 1582 3156 1600 3177; x_wconf 88' lang='lat' dir='ltr'>c</span> <span class='ocrx_word' id='word_1_517' title='bbox 1623 3147 1640 3185; x_wconf 65' lang='grc' dir='ltr'>ξ</span> <span class='ocrx_word' id='word_1_518' title='bbox 1666 3148 1742 3177; x_wconf 89' lang='grc'><strong>218.</strong></span> 
     </span>
    </p>
   </div>
  </div>
 </body>
</html>
