2234 3443
215 168 272 206 40
994 170 1254 199 PRAEFATIO.

336 290 418 329 Sed
455 299 508 328 ne
541 289 659 328 aurei
692 289 822 327 huius
853 285 1073 336 praecepti
1104 294 1259 333 parum
1299 292 1519 322 memores
1551 282 1777 322 videamur
1807 283 1904 332 ipsi,
1939 282 2038 322 finis

216 357 469 406 disputandi
517 358 586 395 est
630 355 870 395 faciendus
917 352 1174 392 Carminum
1223 351 1442 400 epicorum
1491 351 1656 397 quanta
1702 350 1836 388 fuerit
1881 350 1949 388 vis
1995 352 2039 388 et

217 425 456 465 auctoritas
502 424 546 462 in
593 422 878 463 efformandis
922 419 1112 468 ingeniis
1158 418 1513 465 Romanoruma;
1563 418 1776 465 quantum
1818 417 2037 465 viguerint

217 492 406 531 saeculis
447 490 761 530 recentioribus
801 489 855 527 ad
887 489 1087 527 nostrum
1119 486 1315 535 ipsorum
1348 495 1486 533 usque
1515 481 1745 534 tempusb;
1779 485 1852 533 qui
1883 486 2039 533 poetae

219 570 348 608 quam
382 558 567 598 feliciter
597 558 711 597 inter
737 557 924 596 Graecos
952 555 1136 602 aliisque
1160 554 1206 592 in
1233 552 1438 601 gentibus
1454 553 1645 600 priscum
1665 555 1810 591 vatem
1829 551 2039 591 aemulati

220 630 263 666 et
288 626 453 665 imitati
477 626 662 673 fuerint;
690 625 764 672 qui
791 624 873 662 viri
898 622 1060 662 eruditi
1088 621 1181 660 eius
1213 620 1409 660 carmina
1441 619 1720 658 emendatius
1746 619 1884 668 edere,
1913 619 2041 657 inter-

220 695 393 744 pretari,
437 693 658 732 doctrinae
694 692 789 731 luce
819 691 1009 738 undique
1041 689 1180 737 petita
1211 687 1431 726 illustrare
1464 687 1609 726 conati
1638 687 1814 735 fuerint,
1849 708 1902 714 ——
1935 687 2044 724 haec

221 761 372 801 omnia
401 761 505 799 licet
535 760 795 808 dignissima
822 759 913 797 sint
943 767 1054 805 quae
1096 756 1199 794 data
1230 764 1361 804 opera
1393 756 1683 803 exponantur,
1718 764 1743 792 a
1773 753 1898 792 nobis
1925 763 2041 801 prae-

222 828 413 868 termitti
438 838 554 867 nunc
580 828 764 876 oportet.
792 825 1012 866 Laudibus
1038 826 1187 863 autem
1217 822 1414 862 carmina
1440 822 1620 861 Homeri
1647 822 1730 860 hoc
1755 821 1848 860 1000
1877 820 2042 869 efferre,

223 906 304 935 nae
345 895 500 945 μόχθοσ
540 893 729 944 περισσόσ
769 894 839 932 hic
879 893 992 932 foret
1032 891 1269 939 κουφόνουσ
1309 885 1336 928 τ’
1382 888 1543 939 εὐηθία.
1592 889 1703 928 Nam
1746 888 1853 928 liber
1896 889 2045 927 noster

222 963 325 1002 licet
351 963 570 1001 iuniorum
597 961 856 1011 praesertim
883 959 1205 1009 philologorum
1235 958 1482 997 destinatus
1509 958 1564 995 sit
1591 956 1809 1005 manibus,
1838 965 1922 995 non
1945 955 2046 994 tiro·

223 1032 353 1070 nibus
394 1033 544 1070 tamen
588 1032 656 1069 est
694 1030 901 1078 scriptus.
942 1028 1036 1067 Non
1080 1037 1129 1066 eo
1171 1028 1321 1065 utetur
1363 1025 1446 1064 nisi
1479 1025 1551 1073 qui
1583 1025 1749 1063 diutius
1779 1024 1823 1062 in
1856 1022 2046 1062 vetustis

224 1099 312 1137 illis
353 1099 622 1138 carminibus
661 1098 794 1137 suerit
836 1098 1061 1142 versatus;
1103 1104 1214 1142 quae
1256 1093 1329 1141 qui
1371 1092 1609 1141 cognoscit,
1654 1091 1748 1130 fieri
1780 1101 1865 1130 non
1899 1091 2046 1139 potest

225 1168 329 1215 quin
362 1166 496 1205 simul
527 1176 675 1205 amare
708 1166 750 1205 et
781 1164 989 1204 admirari
1020 1163 1174 1201 discat.

313 1342 331 1362 a
353 1333 383 1363 J.
410 1331 578 1361 Tolkiehn
597 1331 639 1361 de
659 1330 799 1360 Homeri
819 1329 1026 1358 auctoritate
1046 1328 1078 1356 in
1099 1324 1271 1356 cotidiana
1292 1324 1523 1354 Romanorum
1546 1324 1626 1360 vita,
1647 1322 1793 1360 Leipzig
1815 1322 1912 1357 1896,
1927 1320 2048 1359 suppl.

226 1386 339 1416 XXIII
363 1385 484 1415 Annal.
505 1384 628 1414 Philol.
770 1381 785 1411 b
811 1380 847 1411 G.
872 1380 1006 1410 Finsler
1028 1380 1157 1409 Homer
1181 1379 1216 1408 in
1241 1378 1301 1407 der
1326 1378 1473 1408 Neuzeit
1505 1378 1604 1407 1912.
