2234 3443
943 174 1200 202 PRAEFATIO.
1925 161 1948 199 2
1958 162 1978 199 1

164 290 358 339 Odyssea
390 292 495 328 tunc
527 291 632 328 sunt
663 289 842 337 divisae,
877 290 921 327 et
951 289 1137 336 singulis
1178 288 1339 327 litteris
1370 288 1415 326 hi
1446 287 1544 326 libri
1574 286 1795 334 designari
1826 285 1985 323 exinde

160 359 266 396 sunt
296 357 450 405 coepti.
484 356 647 394 Eadem
680 358 826 395 aetate
858 366 968 404 opus
999 355 1210 394 Herodoti
1242 355 1285 393 in
1317 365 1493 403 novem,
1523 353 1790 401 Thucydidis
1816 353 1858 391 in
1887 354 1984 391 octo

158 425 294 463 libros
318 427 386 463 est
413 424 667 471 diremtum,
694 423 803 461 item
831 423 1137 471 Xenophontis
1164 422 1438 469 aliorumque
1460 422 1724 469 scriptorum
1742 420 1984 468 priscorum

160 501 292 541 opera
322 491 519 538 longiora
550 491 594 528 in
630 489 857 528 volumina
887 490 1114 538 complura
1146 491 1250 528 sunt
1282 489 1531 528 distributa.

279 625 532 664 Editionum
581 625 943 674 emendatiorum,
992 635 1100 672 quae
1142 635 1246 663 cura
1291 624 1686 673 grammaticorum
1732 621 1986 660 Alexandri-

161 703 316 732 norum
359 692 404 731 in
445 692 587 731 lucem
626 693 893 742 prodierunt,
936 702 986 731 ea
1027 693 1117 731 fere
1148 693 1232 731 fuit
1263 692 1445 740 species,
1479 701 1588 738 quae
1622 691 1690 729 est
1720 688 1988 736 exemplaris

161 760 392 799 cuiusdam
424 760 487 798 ΙΙΟ
517 763 616 808 post
649 760 748 800 Chr.
781 760 958 799 saeculo
991 761 1186 809 scriptia.
1222 759 1301 808 Qui
1331 759 1439 798 liber
1473 768 1576 797 cura
1608 757 1821 805 singulari
1849 755 1987 794 elabo-

160 829 285 867 ratus
325 829 499 866 textum
543 828 682 875 signis
723 828 995 877 prosodiacis
1032 829 1237 866 ornatum
1279 826 1481 874 exhibet;
1525 827 1652 874 signa
1700 825 1851 864 critica
1882 824 1986 861 sunt

161 895 356 944 appicta;
396 895 595 944 singulae
637 896 825 944 paginae
862 898 967 934 sunt
997 906 1207 934 versuum
1242 896 1398 943 viginti
1430 895 1628 933 duorum.
1665 893 1743 942 Qui
1776 900 1989 931 numerus

159 963 332 1003 videtur
374 974 397 1002 e
437 963 755 1003 vetustissimis
798 963 1127 1011 exemplaribus
1175 973 1272 1001 esse
1314 963 1486 1009 ductus,
1536 961 1579 1000 in
1621 960 1808 1008 singulis
1855 959 1989 1007 igitur

159 1031 331 1080 paginis
376 1031 484 1070 haec
529 1041 699 1079 quoque
745 1032 811 1069 tot
854 1030 1063 1069 habuisse
1110 1040 1266 1069 versus
1323 1032 1425 1078 quot
1477 1029 1725 1067 litterarum
1773 1028 1900 1074 signa
1943 1026 1988 1063 in

160 1098 344 1138 Graecia
373 1098 580 1147 primitus
611 1100 716 1137 sunt
746 1100 956 1147 usurpata
970 1096 999 1137 b.

280 1167 406 1205 Multi
451 1169 599 1206 autem
646 1167 751 1205 olim
792 1166 890 1204 libri
932 1167 974 1204 in
1019 1166 1202 1215 paginas
1234 1175 1443 1204 versuum
1486 1164 1744 1212 vigenorum
1787 1161 1989 1200 binorum

162 1236 268 1273 sunt
293 1235 436 1283 divisi,
466 1237 510 1274 et
534 1235 702 1283 passim
730 1235 984 1272 etiamnunc
1012 1235 1081 1273 hic
1108 1244 1320 1272 numerus
1346 1233 1584 1272 invenitur.
1615 1229 1987 1277 Antiquissimum

162 1302 225 1341 rei
257 1302 508 1351 exemplum
542 1302 721 1352 praebet
750 1312 940 1350 papyrus
969 1296 1045 1339 IIIi
1073 1305 1175 1340 ante
1203 1301 1300 1340 Chr.
1329 1311 1371 1339 n.
1399 1299 1580 1347 saeculi,
1609 1299 1653 1337 in
1679 1307 1763 1345 quo
1791 1294 1989 1334 Platonis

162 1368 336 1408 Phaedo
379 1370 514 1408 nitide
557 1373 625 1408 est
666 1372 913 1408 exaratusc.
958 1369 1100 1408 Simili
1134 1370 1304 1408 ratione
1336 1369 1501 1416 scripta
1532 1368 1637 1405 sunt
1667 1365 1821 1404 folium
1856 1362 1990 1413 Λόγια

156 1434 292 1486 Ἰησοῦ
335 1434 596 1484 exhibensd‚
643 1436 796 1475 folium
830 1447 852 1475 e
883 1436 1110 1475 Menandri
1146 1436 1352 1484 Agricola
1383 1436 1631 1482 evulsume‚
1666 1434 1802 1472 codex
1836 1430 1988 1479 palim-

162 1503 339 1550 psestus
369 1501 594 1541 Plutarchi
626 1504 677 1542 de
710 1501 1019 1542 Garrulitates.
1053 1504 1218 1542 Manilii
1251 1504 1537 1551 archetypum
1571 1511 1687 1539 nunc
1714 1497 1991 1547 deperditum

162 1569 207 1607 in
254 1569 440 1618 singulis
486 1571 657 1619 paginis
700 1572 852 1610 habuit
894 1581 1049 1610 versus
1096 1571 1236 1610 XXII.
1285 1570 1593 1618 Aristophanis
1634 1567 1793 1607 comici
1835 1573 1991 1603 versus

165 1637 321 1686 viginti
347 1637 431 1677 duo
456 1639 500 1677 in
529 1638 750 1678 codicibus
778 1640 999 1678 hodiernis
1025 1640 1119 1678 loco
1146 1639 1288 1677 alieno
1306 1638 1542 1686 legunturo
1567 1639 1611 1675 et
1628 1634 1779 1674 Iliadis
1795 1634 1990 1679 itemque

164 1705 372 1744 Aeneidis
414 1715 569 1745 versus
611 1707 795 1745 totidem
839 1717 917 1756 pro
959 1707 1121 1755 spuriis
1161 1707 1266 1746 olim
1311 1706 1534 1744 immerito
1575 1704 1679 1742 sunt
1720 1696 1914 1740 habitih:
1949 1699 1994 1736 in

164 1771 287 1811 libris
318 1774 506 1812 vetustis
537 1774 745 1822 paginam
779 1776 823 1813 et
855 1775 899 1812 hi
930 1774 1174 1823 implebant
1208 1776 1252 1813 et
1283 1773 1362 1813 illi.

285 1841 384 1880 Alia
423 1851 592 1890 quoque
635 1842 860 1881 volumina
901 1843 1048 1891 prisca
1080 1842 1121 1880 in
1155 1841 1341 1888 singulis
1372 1841 1545 1890 paginis
1576 1847 1733 1877 versus
1766 1835 1892 1874 XXII
1923 1833 1994 1872 vel

163 1908 231 1947 bis
272 1908 398 1947 XXII
440 1909 647 1948 habuisse
689 1909 984 1949 demonstrari
1026 1907 1210 1958 potesti.
1250 1909 1485 1947 Praeterea
1519 1906 1668 1946 Iliadis
1701 1905 1772 1942 hic
1803 1911 1993 1942 comme·

163 1975 403 2014 morandus
449 1978 518 2015 est
565 1976 703 2015 codex
750 1976 955 2024 Syriacus
996 1976 1250 2024 rescriptuS,
1301 1976 1426 2014 cuius
1473 1974 1648 2022 singula
1688 1972 1794 2011 folia
1832 1969 1995 2008 habent

165 2052 324 2082 versus
363 2044 598 2092 sexaginta
639 2054 718 2083 sex
758 2045 852 2082 sive
889 2045 955 2082 ter
987 2043 1126 2092 XXII,
1170 2045 1212 2082 et
1244 2043 1467 2091 Odysseae
1499 2042 1636 2080 codex
1668 2040 1696 2078 S
1728 2039 1771 2077 in
1805 2035 1994 2085 singulis

163 2111 335 2159 paginis
376 2111 502 2150 binos
540 2112 717 2150 ordines
751 2122 959 2150 versuum
1004 2111 1160 2159 viginti
1202 2111 1386 2149 duorum
1421 2109 1657 2156 exhibens;
1702 2115 1811 2154 quae
1844 2105 1994 2143 autem

164 2178 345 2217 maioris
376 2178 599 2227 aliquanto
631 2179 845 2218 momenti
878 2181 947 2218 est
978 2188 1062 2230 res,
1095 2178 1300 2218 librarius
1332 2179 1385 2227 is,
1419 2179 1487 2217 cui
1524 2177 1735 2215 debemus
1768 2173 1992 2220 Odysseae

168 2246 362 2285 codicem
406 2249 482 2285 aut
522 2247 720 2286 omniurn
764 2248 982 2296 optimum
1024 2249 1102 2285 aut
1145 2257 1279 2285 unum
1322 2256 1378 2285 ex
1419 2245 1600 2294 optimis
1632 2242 1884 2282 Palatinum
1916 2238 1992 2286 (P),

167 2316 212 2353 et
252 2313 419 2353 librarii
461 2317 533 2362 qui
575 2315 850 2364 scripserunt
889 2314 1038 2354 Iliadis
1080 2315 1250 2354 codices
1291 2313 1595 2352 Florentinum
1628 2311 1662 2349 D
1696 2311 1739 2349 et
1771 2308 1995 2348 Genaven-

169 2390 264 2420 sem
290 2382 360 2430 44,
388 2382 530 2421 secuti
556 2386 659 2421 sunt
686 2382 958 2431 exemplaria
984 2392 1169 2429 quorum
1192 2381 1390 2429 singulae
1407 2381 1593 2430 paginae
1609 2377 1823 2418 tenebant
1839 2382 1996 2413 versus

168 2448 352 2496 vigenos
383 2448 522 2488 binos,

285 2517 573 2557 Alexandrini
615 2528 717 2557 vero
759 2518 951 2557 editores
992 2518 1031 2557 si
1072 2527 1148 2566 pro
1189 2517 1370 2556 arbitrio
1412 2514 1752 2556 constituissent
1782 2517 1994 2549 versuum

166 2585 210 2623 in
251 2585 440 2633 singulis
482 2586 654 2634 paginis
694 2587 1016 2626 exarandorum
1062 2596 1312 2633 numerum,
1356 2586 1520 2633 viyenos
1561 2583 1710 2631 quinos
1751 2579 1897 2628 potius
1941 2576 1995 2614 iis

258 2719 278 2738 a
300 2709 434 2747 Proleg.
455 2709 554 2739 Hom.
578 2709 696 2745 XLVI,
721 2711 751 2739 3.
909 2708 925 2738 b
948 2707 1081 2746 Viginti
1104 2709 1172 2738 duo
1195 2708 1390 2738 litterarum
1415 2706 1515 2745 signa
1539 2716 1558 2736 a
1580 2704 1813 2736 Phoenicibus
1837 2699 1998 2739 primitus

170 2761 205 2790 in
227 2761 408 2792 Graeciam
429 2763 509 2791 sunt
529 2763 682 2799 perlata:
707 2759 1411 2801 ΑΒΓΔΕΓΖΗΘΙΚΛΜΝΞΟΠΜῼΡΣΤ,
1427 2760 1552 2797 quibus
1565 2759 1674 2796 siguis
1687 2755 1789 2786 etiam
1804 2752 1997 2784 numeralia

169 2813 327 2844 I—XXII
360 2813 623 2850 indicabantun
663 2813 754 2844 idem
790 2817 906 2844 autem
942 2814 1008 2843 fuit
1044 2822 1209 2844 numerus
1241 2814 1435 2843 litterarum
1473 2813 1686 2842 Atticarum:
1722 2804 1999 2839 ΛΒΛΔΕΖΗΘΙ

173 2866 594 2908 ΚΕΜΝΟΠῼΡΣΤΥΦΧ.
620 2885 658 2889 -
684 2867 827 2898 Vetusta
851 2867 1087 2897 Hebraeorum
1113 2867 1268 2897 carmina
1288 2874 1498 2904 en,quorum
1513 2872 1674 2894 versuum
1695 2863 1831 2891 litterae
1844 2857 1997 2889 initiales

170 2919 290 2950 ordine
323 2920 545 2959 alphabetico
581 2930 618 2950 se
653 2921 842 2958 excipiunt,
878 2920 1052 2950 recordari
1086 2929 1176 2949 nune
1210 2921 1315 2950 iuvat.
1450 2927 1466 2948 ο
1496 2917 1645 2954 Mahaffy
1674 2924 1718 2945 on
1747 2914 1805 2944 the
1838 2910 1998 2941 Flinders

171 2974 287 3004 Petris
310 2974 431 3012 papyri
458 2974 554 3004 1891.
690 2972 713 3003 d
734 2974 798 3003 Ed.
822 2973 1093 3003 Grensen-Hunt
1118 2974 1215 3003 1896.
1350 2981 1367 3001 e
1388 2969 1470 3001 Post
1494 2969 1708 2999 inventorem
1731 2967 1850 2998 Nicole
1870 2965 1996 2994 iterum

174 3024 283 3056 edidit
294 3027 390 3056 Eunt
405 3027 502 3056 1898.
628 3026 777 3067 fCobet
788 3027 935 3056 Brieven
951 3026 1026 3055 226.
1170 3035 1190 3064 q
1203 3027 1259 3055 Ar.
1271 3025 1352 3062 Lys.
1367 3024 1602 3053 1273—1294.
1747 3020 1768 3050 Ιι
1781 3017 1997 3049 P404—425

173 3082 208 3108 et
227 3079 326 3117 Verg.
351 3080 435 3108 Aen.
455 3079 490 3108 ΙΙ
512 3078 701 3109 567—588.
839 3078 852 3108 i
874 3078 1045 3109 Nonnulla
1065 3087 1153 3116 quae
1171 3078 1239 3108 huc
1258 3078 1435 3116 pertinent
1453 3075 1633 3114 composui
1652 3075 1687 3104 in
1707 3071 2000 3104 commentatione

175 3132 217 3161 de
241 3133 291 3161 Αἰ.
314 3131 476 3170 Sophocl.
504 3133 566 3161 140
591 3140 679 3169 sqq„
705 3132 767 3161 194
791 3140 880 3170 sqq„
902 3132 1029 3170 partim
1054 3132 1168 3161 minus
1191 3133 1286 3161 recte
1309 3132 1391 3159 tunc
1417 3128 1613 3167 disputans.
