2234 3443
263 184 281 220 1
291 183 344 219 22
1013 195 1067 223 DE
1103 195 1319 224 consonis.
1946 187 1983 232 [ἓ
2016 187 2072 225 40

373 308 438 346 Ab
482 308 555 347 illo
597 309 695 347 inde
738 310 937 356 tempore
979 318 1063 347 non
1095 309 1178 347 fuit
1208 309 1448 356 periculum
1479 319 1533 348 ne
1565 311 1877 349 reviviscerent
1908 319 2075 348 errores

255 375 562 423 Spitzneriani.
596 376 774 414 Poterat
805 375 938 414 etiam
972 375 1184 423 disputari
1217 376 1267 413 de
1300 376 1465 423 optima
1490 376 1659 415 ratione
1686 378 1961 415 vetustorum
1989 386 2076 414 car-

254 443 424 480 minum
468 443 748 490 edendorum,
779 452 876 480 cum
909 452 1067 480 sonum
1100 452 1138 480 w
1170 442 1295 490 signo
1326 452 1405 480 suo
1437 443 1620 481 indicari
1650 444 1725 482 alii
1755 445 1967 491 vetarent,
2002 443 2076 481 alii

252 509 462 558 iuberent,
497 509 594 547 aliis
625 510 798 557 parcius
826 509 924 546 aliis
949 519 1084 547 manu
1112 509 1298 557 largiore
1325 509 1473 548 littera
1497 524 1528 562 f
1545 511 1816 559 appingenda
1833 511 2075 556 videretur;

253 585 407 613 versus
449 576 492 613 in
535 576 690 623 quibus
730 585 864 614 sonus
895 591 925 627 f
957 576 1184 623 neglectus
1215 578 1281 614 est
1314 586 1524 615 omnesne
1557 579 1705 616 essent
1734 578 1989 626 corrigendi,
2021 586 2076 614 an

253 643 427 691 partim,
471 653 525 681 an
566 643 688 690 nulli,
721 643 802 681 hac
837 643 887 680 de
918 652 964 680 re
996 643 1098 681 dum
1132 643 1357 691 disputant
1389 643 1610 692 philologi,
1643 645 1686 682 in
1719 645 1891 683 diversa
1921 644 2076 682 disces·

253 711 418 757 serunt,
462 711 504 748 et
545 710 731 749 fortasse
764 718 989 756 nunquam
1023 710 1105 748 erit
1135 712 1311 758 tempus
1343 720 1426 758 quo
1459 711 1510 749 de
1542 711 1745 750 omnibus
1776 711 2078 750 huiuscemodi

251 777 585 823 quaestionibus
626 777 740 815 idem
781 777 974 815 sentiant
1015 787 1185 817 omnes.
1230 778 1311 817 Sed
1352 788 1491 825 neque
1521 779 1752 826 quisquam
1784 780 1869 818 nisi
1900 780 2078 827 ignarus

252 844 378 882 hodie
411 844 453 881 in
488 844 685 882 animum
718 844 922 883 inducere
954 844 1036 882 sibi
1067 846 1214 893 potest
1245 845 1414 884 nullum
1448 845 1578 884 huius
1611 854 1827 884 consonae
1853 847 1897 885 in
1927 845 2078 894 lingua

252 910 432 948 Homeri
473 910 608 949 fuisse
650 922 794 961 usum,
829 923 969 960 neque
1002 923 1105 951 vero
1137 913 1329 952 existere
1363 913 1497 952 etiam
1530 914 1736 961 poterunt
1770 915 1842 962 qui
1873 923 1982 952 sono
2014 912 2079 951 illi

255 977 501 1026 „Aeolico’',
535 981 745 1025 tanquam
773 980 929 1019 Proteo
958 981 1089 1019 alicui
1116 980 1391 1029 multiformi,
1422 980 1668 1018 attribuant
1692 981 1893 1028 quicquid
1909 980 2078 1019 insoliti

251 1045 382 1083 habet
413 1048 641 1093 poetarum
669 1047 889 1095 epicorum
918 1048 1049 1087 dictio
1077 1047 1146 1086 vel
1174 1058 1245 1086 ars
1272 1048 1468 1086 metrica.
1496 1047 1529 1085 E
1556 1047 1798 1087 subitaneis
1814 1047 2078 1086 commentis

250 1114 293 1150 et
339 1112 643 1161 imperitorum
690 1116 1006 1154 tentaminibus
1055 1115 1197 1154 evasit
1239 1125 1352 1154 nova
1393 1116 1591 1164 scientia,
1636 1125 1745 1163 quae
1787 1115 1882 1163 coli,
1913 1113 2074 1163 augeri,

249 1180 405 1228 corrigi
437 1181 569 1219 etiam
601 1182 773 1230 poterit,
806 1192 892 1221 non
925 1183 1084 1231 poterit
1116 1182 1318 1222 convelli.
1351 1182 1543 1221 Tandem
1575 1182 1778 1221 surculus
1810 1181 2004 1221 excrevit
2030 1181 2073 1219 in

251 1247 463 1286 arborem.

365 1314 552 1353 Bekkeri
577 1316 808 1355 consilium
836 1317 964 1356 claris
987 1318 1130 1357 verbis
1147 1318 1344 1356 laudavit
1362 1317 1507 1367 Cobet,
1526 1319 1704 1357 secutus
1721 1319 1788 1356 est
1805 1316 2025 1356 Christius
2040 1324 2075 1355 a.

250 1381 352 1419 Fick
395 1382 621 1430 digamma
666 1384 710 1422 in
753 1385 808 1423 iis
856 1388 973 1424 certe
1016 1385 1166 1424 Iliadis
1199 1387 1242 1424 et
1284 1385 1507 1434 Odysseae
1538 1385 1739 1434 partibus
1771 1384 2077 1424 excudendum

250 1449 431 1497 curavit,
465 1459 574 1496 quas
607 1461 631 1488 a
658 1452 796 1499 poetis
824 1452 1012 1491 Aeolicis
1041 1453 1308 1501 compositas
1337 1462 1434 1491 esse
1461 1453 1682 1501 censebat,
1701 1452 1873 1490 Ionicae
1891 1451 2076 1490 dialecto

248 1515 370 1553 illam
428 1526 666 1556 consonam
721 1517 1031 1567 abiudicansb;
1080 1530 1165 1567 qua
1212 1520 1263 1558 de
1304 1530 1349 1558 re
1393 1519 1494 1567 quid
1537 1519 1823 1558 statuendum
1873 1518 2073 1557 videatur

248 1585 492 1630 exponetur
538 1584 692 1624 infrac.
741 1586 827 1624 Alii
876 1587 1067 1625 editores
1115 1587 1251 1625 variis
1299 1586 1574 1635 argumentis
1618 1586 1829 1626 deterreri
1875 1595 1921 1624 se
1953 1584 2074 1633 passi

249 1652 351 1687 sunt
394 1651 627 1698 quominus
669 1652 712 1690 in
746 1655 920 1692 textum
953 1654 1195 1702 reciperent
1227 1654 1401 1701 signum
1434 1654 1677 1693 insolitum.
1714 1653 1957 1702 „Nimirum
1990 1661 2074 1700 qua

253 1719 384 1765 „sunt
424 1718 624 1757 homines
666 1730 875 1768 perversa
905 1721 1144 1759 timiditate
1177 1723 1219 1759 et
1251 1721 1557 1770 obstinatione,
1586 1720 1910 1769 prolixissimos
1941 1719 2075 1758 libros

253 1783 330 1832 „de
375 1785 598 1833 digammo
646 1788 1082 1836 orthographicisque
1123 1788 1253 1827 rebus
1294 1788 1517 1837 perlegere
1558 1798 1644 1827 non
1676 1788 1894 1835 recusant,
1927 1787 2002 1826 sed
2034 1788 2073 1826 si

254 1850 389 1899 „quis‚
438 1853 485 1890 ut
526 1853 694 1892 fructus
726 1854 884 1902 aliquis
919 1854 1148 1893 subtilium
1181 1856 1489 1902 quaestionum
1522 1856 1575 1893 ad
1607 1856 1796 1894 nitorem
1830 1855 2075 1894 carminum

253 1919 597 1966 „restituendum
640 1921 709 1959 vel
751 1922 1066 1970 impedimenta
1107 1922 1324 1961 scribendi
1354 1922 1623 1961 removenda
1655 1923 1882 1971 redundet,
1916 1921 2078 1960 tradita

253 1985 411 2032 „verba
447 1989 619 2026 mutare
661 1991 917 2037 ausus-est,
952 1999 1128 2027 omnem
1163 1989 1438 2037 antiquitatis
1469 1990 1762 2028 reverentiam
1795 1989 1897 2028 exui
1928 1988 2072 2027 clami·

248 2050 419 2091 tant”d.

369 2187 451 2226 Sed
485 2189 537 2227 ad
569 2189 710 2237 ipsam
744 2200 835 2229 rem
872 2192 1114 2230 veniamus.

369 2255 527 2294 Multae
574 2267 703 2295 voces
751 2257 924 2306 linguae
973 2259 1080 2307 eius,
1127 2269 1212 2306 qua
1258 2259 1327 2297 usi
1373 2262 1477 2297 sunt
1518 2261 1644 2307 poeta
1680 2258 1831 2296 iliadis
1868 2260 1911 2296 et
1944 2259 2072 2306 poeta

252 2321 484 2371 Odysseae,
527 2333 551 2361 a
593 2334 700 2363 sono
738 2335 775 2363 w
822 2326 1100 2373 incipiebant.
1145 2326 1279 2375 Quem
1314 2336 1471 2365 sonum
1504 2328 1608 2364 tunc
1640 2327 1683 2363 in
1709 2326 1866 2374 poetica
1898 2328 2071 2364 tantum

251 2388 438 2428 dictione
480 2391 615 2430 etiam
648 2393 813 2431 vixisse
844 2394 962 2432 fuere
995 2395 1067 2442 qui
1104 2396 1331 2442 putarent;
1367 2395 1409 2432 in
1444 2393 1710 2433 carminibus
1741 2394 1914 2441 quidem
1948 2396 2073 2432 vates

250 2458 409 2507 fosnov,
436 2455 568 2508 fs'too,
597 2458 744 2510 fatiscit,
775 2460 939 2498 similia
971 2462 1196 2510 cecinisse,
1223 2461 1341 2499 domi
1369 2471 1470 2499 vero
1497 2471 1596 2499 cum
1625 2461 1716 2499 suis
1743 2461 2074 2500 confabulantes

253 2522 418 2562 dixisse
461 2519 573 2562 οἷκον
605 2528 648 2564 et
679 2524 767 2564 ἔτοσ
799 2529 843 2565 et
874 2526 988 2567 ἰδεῖν.
1018 2528 1099 2567 Sed
1133 2538 1272 2576 neque
1305 2528 1478 2566 aliunde
1511 2526 1757 2566 confirma-ri
1789 2529 1933 2576 potest
1964 2528 2070 2566 haec

252 2590 396 2638 opinio
434 2601 571 2639 neque
602 2593 711 2640 ipsis
744 2594 1010 2632 carminibus
1042 2596 1176 2643 epicis
1209 2595 1554 2634 commendatur.
1586 2595 1681 2633 Non
1713 2596 1830 2634 enim
1863 2595 2071 2634 obsoletis

252 2657 475 2696 vocabulis
517 2659 586 2697 vel
628 2660 939 2698 vocabulorum
972 2660 1123 2709 figuris
1154 2662 1314 2701 referta
1346 2662 1427 2700 fuit
1458 2662 1589 2700 dictio
1621 2662 1795 2700 illorum
1828 2664 2067 2710 poetarum,

252 2734 337 2762 non
382 2724 463 2763 fuit
504 2726 688 2764 difficilis
730 2729 859 2774 atque
901 2728 1059 2777 fucata,
1103 2729 1180 2767 sed
1218 2729 1406 2777 simplex
1439 2731 1482 2767 et
1514 2730 1654 2767 cuivis
1686 2730 1925 2778 perspicua.
1959 2729 2068 2767 Non-

252 2792 371 2829 nulla
403 2794 596 2840 epitheta
618 2794 895 2833 audientibus
923 2798 1026 2834 tunc
1051 2807 1137 2835 non
1156 2797 1300 2835 minus
1327 2797 1513 2835 fortasse
1541 2797 1724 2836 obscura
1746 2796 1920 2835 fuerunt
1937 2805 2067 2843 quam

254 2972 338 3000 1872
370 2981 431 3009 sq„
467 2973 607 3002 vHartel
645 2974 743 3003 Hom.
777 2973 919 3003 Studien
952 2974 1015 3009 III,
1050 2976 1145 3010 1874,
1178 2976 1315 3006 Tudeer
1346 2977 1387 3006 de
1414 2976 1637 3006 dialectorum
1664 2977 1872 3007 Graecarum
1896 2975 2068 3012 digammo

250 3024 449 3053 testimonia
482 3026 745 3063 inscriptionum
773 3027 869 3061 1879,
894 3025 1033 3056 vchrist
1058 3028 1191 3066 Proleg.
1216 3029 1256 3058 11.
1284 3030 1470 3064 155—170‚
1497 3029 1593 3063 1884,
1619 3029 1687 3057 alii.
1843 3038 1862 3057 a
1886 3028 1925 3057 In
1950 3026 2069 3057 Iliadis

253 3078 463 3113 recensione,
491 3080 585 3107 1884.
733 3077 748 3107 b
773 3078 927 3114 Odyssea
955 3080 1051 3115 1883,
1075 3081 1156 3109 Ilias
1183 3083 1278 3112 1886.
1415 3091 1430 3111 c
1454 3080 1535 3116 Pag.
1561 3082 1747 3111 126—128.
1882 3079 1905 3109 d
1931 3078 2068 3110 vChriet

256 3130 390 3167 Proleg.
416 3131 453 3160 ΙΙ.
482 3132 555 3160 150.
