2234 3443
161 185 183 229 ἓ
216 183 256 228 3]
942 192 996 219 DE
1028 191 1188 219 memo.
1924 190 1979 227 47

762 323 834 344 -ῖῑ
867 322 935 344 „33
967 322 1035 344 ,π
1068 322 1136 343 ,π
1170 321 1238 343 ,π
1271 312 1363 352 „CK

159 376 228 405 ex.
262 376 350 414 gr.:

510 430 687 482 ἐννῆμαρ
720 429 792 481 μὲν
824 430 903 469 ἀνὰ
934 431 1100 481 στρατὸν
1134 429 1268 480 ὤιχετο
1300 433 1402 480 κῆλα
1433 434 1547 469 θεοῖο
1564 428 1592 471 ⁶.

158 500 240 540 Sed
277 499 525 539 huiusmodi
557 499 730 538 ordines
762 499 1034 547 syllabarum
1066 498 1141 536 vix
1173 508 1366 545 unquam
1399 498 1748 547 percipiebantur
1780 503 1982 550 auribus;

156 577 259 606 nam
300 567 343 606 in
384 568 558 605 tantum
601 576 686 606 non
719 566 922 605 omnibus
954 565 1156 604 versibus
1189 566 1322 614 epicis
1356 564 1489 604 fiebat
1520 566 1679 606 incisio.
1714 568 1984 619 Quapropter

158 644 313 674 versus
343 634 542 673 heroicus
575 633 734 672 melius
766 633 830 672 sic
861 632 1102 671 indicatur:

692 714 775 739 Lx
803 695 808 751 Ι
837 716 907 738 „¹OE
937 717 994 739 1-10
1017 696 1032 750 Η
1056 722 1079 737 υ
1110 717 1192 738 Luta
1219 697 1224 748 Ι
1254 716 1323 737 ,¹OE
1354 717 1427 739 Aa.

156 769 204 808 In
236 778 321 817 quo
352 768 580 807 schemate
611 767 772 816 duplex
806 766 966 806 lineola
998 776 1204 805 caesurae
1240 768 1309 804 est
1338 767 1529 814 signum.
1559 768 1792 808 Praeterea
1825 770 1986 810 lineola

155 835 346 885 simplici
386 836 484 884 post
523 835 655 884 pedes
696 835 887 884 primum
929 835 972 872 et
1004 835 1211 881 quartum
1243 834 1436 872 indicata
1467 836 1533 872 est
1559 845 1700 883 pausa
1731 847 1861 885 saepe
1894 837 1983 876 illic

159 903 373 951 obtinens,
406 903 564 941 ictuum
595 904 744 941 autem
781 902 921 941 maior
952 902 1152 940 minorve
1185 902 1252 940 vis
1285 904 1467 941 accentu
1500 903 1659 952 duplici
1692 905 1760 943 vel
1791 904 1983 953 simplici

159 972 227 1009 est
259 968 520 1019 significata,

277 1096 547 1136 Hexameter
578 1098 711 1136 natus
743 1098 810 1136 est
843 1096 1089 1136 coniunctis
1120 1095 1290 1135 duobus
1321 1097 1549 1146 tripudiis:

912 1176 1059 1204 23ssOE
1091 1180 1160 1201 -κῖῦ
1191 1183 1250 1204 Lo

902 1266 935 1269 -
974 1248 1053 1271 nx
1085 1249 1155 1269 „we
1187 1247 1245 1271 A?
1260 1238 1288 1271 θ.

277 1296 395 1346 Quod
441 1300 633 1337 metrum
681 1301 723 1338 et
771 1299 875 1338 olim
917 1299 1032 1338 inter
1072 1298 1260 1339 Graecos
1306 1298 1510 1346 frequens
1553 1301 1597 1338 et
1637 1299 1682 1337 in
1724 1300 1983 1348 posterioris

158 1364 255 1402 aevi
295 1365 415 1413 poesi
450 1366 763 1414 pervulgatum
796 1375 821 1403 a
852 1366 914 1404 rei
946 1366 1155 1404 metricae
1187 1365 1542 1414 praeceptoribus
1562 1366 1883 1414 paroemiacum
1915 1368 1984 1405 est

158 1430 340 1481 dictum,
374 1433 475 1480 quia
505 1433 673 1472 multae
704 1432 913 1483 παροιμίαι
946 1433 1040 1471 sive
1072 1433 1255 1472 dicteria
1286 1432 1360 1471 illo
1392 1438 1534 1473 metro
1566 1435 1672 1473 sunt
1709 1434 1936 1473 enuntiata
1949 1430 1984 1483 d,

161 1508 229 1538 θΧ.
264 1509 354 1547 gr.:

635 1561 749 1608 φιλεῖ
776 1556 818 1597 δὲ
851 1558 967 1598 νότοσ
1001 1557 1096 1607 μετὰ
1127 1558 1300 1608 πάχνην.

634 1625 781 1665 παθὼν
815 1624 857 1664 δέ
888 1640 927 1664 τε
958 1627 1107 1664 mimos
1139 1625 1239 1677 ἔγνω
1255 1633 1280 1663 θ.

636 1691 703 1731 καὶ
733 1692 934 1744 κόρκυροσ
967 1691 1008 1731 ἐν
1039 1692 1260 1743 λαχάνοισι.

634 1759 746 1799 ἄλλοι
771 1757 933 1809 ’κάμον,
963 1759 1073 1799 ἄλλοι
1108 1758 1267 1799 ovano.

277 1826 524 1875 Aliquoties
556 1830 706 1868 autem
738 1829 925 1868 iteratos
957 1829 1037 1867 hos
1069 1838 1277 1867 numeros
1316 1828 1496 1878 praebet
1527 1829 1608 1868 hoc
1640 1839 1842 1869 carmen:

634 1891 733 1947 ἄγετ’
769 1890 799 1934 ὦ
833 1897 1027 1946 Σπάρτασ
1058 1893 1260 1945 ἐϋάνδρου

633 1968 774 2013 κοῦροι
806 1962 988 2013 πατέρων
1020 1965 1229 2012 πολιητᾶν,

634 2032 743 2068 zaim
775 2027 846 2078 μὲν
878 2029 966 2068 ἴτυν
996 2029 1265 2080 προβάλεσθε,

637 2095 736 2146 δόρυ
771 2096 963 2147 ὁεξιτερᾶι
996 2093 1034 2134 δ’
1072 2094 1286 2146 ἐϋτόλμωσ,

635 2161 688 2213 μὴ
721 2162 955 2213 φειδόμενοι
988 2168 1059 2201 τᾶσ
1091 2164 1206 2209 ζωᾶσ.

635 2229 684 2269 οὐ
716 2230 790 2282 γὰρ
822 2230 992 2281 πάτριον
1022 2236 1083 2268 τᾶι
1115 2228 1346 2281 Eudemus.

249 2354 269 2374 a
304 2344 543 2383 Negleguntur
578 2353 670 2374 nunc
704 2345 813 2383 pedes
851 2345 1021 2374 tribreves
1059 2344 1170 2383 (άυυ),
1193 2353 1272 2382 pag.
1298 2344 1382 2385 42s.
1524 2344 1540 2373 b
1564 2346 1597 2374 A
1623 2345 1682 2380 533
1708 2343 1836 2375 similia
1861 2348 1892 2375 Γ
1913 2346 1991 2381 205,

163 2397 228 2426 220
265 2398 296 2426 Κ
328 2397 393 2427 453
429 2401 452 2427 Σ
489 2397 550 2427 191
589 2397 605 2426 ὁ
642 2397 719 2427 544.
897 2406 913 2427 c
935 2397 1049 2434 Bergk
1073 2396 1159 2425 iiber
1183 2396 1244 2426 das
1268 2396 1395 2426 alteste
1418 2397 1597 2427 Versmass
1622 2397 1682 2427 der
1706 2398 1877 2428 Griechen
1904 2399 1989 2428 1854

161 2450 217 2488 (.-
241 2449 286 2480 kl.
318 2449 438 2488 philol.
462 2450 559 2480 Schr.
582 2449 618 2479 11
645 2451 709 2480 392
733 2447 837 2491 sqq.),
860 2450 991 2480 Usener
1014 2449 1196 2487 altgriech.
1219 2448 1374 2479 Versbau
1401 2449 1500 2486 1887,
1525 2450 1566 2479 64
1591 2458 1678 2488 sqq.‚
1703 2451 1740 2480 Τ.
1766 2450 1878 2486 Allen,
1902 2450 1990 2479 fiber

162 2502 228 2532 den
261 2501 442 2541 Ursprung
477 2502 538 2532 des
570 2502 661 2532 hom.
693 2502 924 2537 Versmasses,
961 2502 1001 2531 K.
1034 2501 1151 2532 Zschr.
1178 2501 1275 2537 1879,
1300 2502 1363 2531 556
1389 2509 1477 2539 sqq.‚
1501 2501 1543 2531 H.
1568 2502 1732 2533 Draheitn
1756 2503 1795 2533 N.
1820 2502 1940 2533 Jahrb.
1966 2504 1990 2533 f.

159 2555 205 2584 kl.
219 2553 342 2585 Philol.
360 2555 457 2590 1897,
471 2555 534 2585 657
549 2563 636 2593 sqq.‚
651 2555 686 2584 O.
702 2552 860 2585 Hoerenz
873 2554 1072 2585 Jahresber.
1089 2554 1179 2584 Berl.
1195 2555 1293 2584 1901.
1471 2553 1494 2584 d
1514 2554 1753 2593 Hephaestion
1767 2555 1809 2585 de
1823 2556 1943 2585 Metris
1957 2556 1989 2585 8.

160 2605 275 2637 Etiam
305 2605 414 2646 epicis
448 2610 484 2637 et
506 2607 665 2637 iambicis
701 2607 861 2637 versibus
879 2605 989 2637 multa
1013 2607 1141 2636 sensim
1164 2607 1348 2645 proverbia
1373 2609 1454 2636 sunt
1475 2607 1625 2643 inclusa3
1652 2611 1867 2647 quapropter
1891 2609 1988 2637 fuere

161 2659 222 2697 qui
255 2658 360 2690 metri
391 2657 601 2698 paroemiaei
639 2668 762 2690 nomen
788 2659 830 2689 ad
854 2668 973 2689 vocem
1007 2655 1097 2695 οἶμον
1127 2658 1192 2688 iter
1225 2656 1575 2698 (Marsehrhythmus,
1599 2658 1990 2697 Rossbach-Westphal)

160 2712 214 2741 vel
239 2711 283 2741 ad
307 2720 424 2742 vocem
450 2712 540 2749 οἵμην
561 2711 721 2741 cauticum
744 2709 963 2751 (Liedweise,
987 2709 1143 2749 vChrist)
1165 2714 1353 2746 referrent;
1379 2711 1441 2740 sed
1463 2713 1733 2750 praepositionis
1758 2722 1859 2753 παρα-
1872 2713 1924 2741 vis
1938 2712 1987 2741 sic

161 2772 229 2793 non
253 2765 409 2802 apparet.
426 2763 478 2793 Ab
503 2772 573 2793 una
596 2772 677 2793 sane
702 2763 892 2801 eademque
913 2764 1022 2801 stirpe
1046 2762 1074 2800 (ί
1096 2763 1113 2801 5
1139 2763 1217 2801 308)
1242 2763 1345 2793 ducta
1369 2766 1451 2793 sunt
1476 2760 1577 2800 οἶμοσ,
1602 2765 1682 2802 οἴμη,
1706 2766 1929 2804 παροιμιακόσ,
1954 2765 1989 2793 et

160 2815 314 2846 carminis
346 2817 419 2846 sive
454 2815 655 2845 narrationis
684 2815 878 2846 curriculum
909 2815 1143 2853 significatum
1176 2818 1229 2845 est
1259 2824 1342 2846 voce
1375 2812 1465 2845 οἶιιοσ
1498 2816 1533 2846 h.
1565 2816 1667 2846 Mero.
1693 2818 1769 2852 451,
1799 2825 1882 2846 voce
1915 2817 1988 2854 οἴμη

165 2871 189 2898 θ
226 2869 279 2904 74,
316 2870 378 2898 481
417 2880 439 2906 χ
464 2868 546 2905 347;
578 2872 746 2908 προοίμιον
770 2869 872 2906 igitur
899 2867 1051 2905 Thucyd.
1076 2867 1130 2897 ΙΙΙ
1156 2869 1219 2898 104
1244 2868 1286 2898 al.
1306 2870 1358 2898 est
1381 2867 1418 2897 id
1438 2867 1522 2908 quod
1544 2868 1646 2907 ipsum
1669 2878 1793 2898 carmen
1816 2867 1932 2904 anteit,
1953 2869 1989 2897 et

161 2923 330 2960 παροιμιον
363 2920 393 2950 εἰ
429 2922 577 2958 extaret,
613 2920 824 2957 significaret
861 2920 994 2957 aliquid
1029 2920 1122 2958 quod
1156 2919 1302 2950 carmina
1336 2919 1544 2950 comitaretur
1579 2921 1653 2950 sive
1675 2919 1870 2950 carminibus
1892 2919 1990 2950 iun-ta

156 2971 353 3012 procederet.
378 2973 421 3002 At
441 2981 508 3002 non
534 2974 645 3007 extat3
671 2981 760 3010 quae
784 2981 866 3002 vero
893 2974 986 3001 extat
1003 2981 1068 3002 vox
1091 2975 1245 3011 παροιμία
1271 2973 1343 3002 sive
1361 2971 1576 3011 proverbium,
1597 2970 1701 3002 huius
1725 2973 1821 3010 origo
1847 2972 1987 3010 quidem

162 3025 352 3063 obscurior,
375 3028 409 3055 at
432 3027 526 3056 certa
549 3027 715 3063 potestas.
740 3025 792 3054 Ab
815 3025 879 3054 hac
902 3025 1007 3062 igitur
1031 3025 1220 3063 repetenda
1240 3027 1322 3054 sunt
1337 3023 1547 3054 adiectivum
1560 3027 1774 3065 παροιμιακόσ
1795 3027 1829 3055 et
1841 3024 1983 3055 verbum

161 3079 386 3118 παροιμιάζειν.
410 3078 504 3114 Quae
528 3077 620 3107 haud
644 3080 780 3107 vetusta
803 3075 976 3107 videntur.
1135 3086 1152 3107 e
1177 3077 1257 3106 Hes.
1278 3077 1340 3115 Op.
1364 3078 1440 3112 218,
1464 3077 1548 3106 item
1571 3079 1599 3106 P
1618 3077 1659 3107 32
1685 3082 1714 3106 Υ
1734 3078 1795 3107 198
1817 3078 1935 3116 ῥεχθὲν
1951 3077 1986 3106 δέ

162 3139 195 3158 τε
220 3141 244 3158 ν.
269 3131 291 3159 ὅ.
466 3130 490 3166 f
508 3130 602 3167 Tyrt.
626 3130 667 3159 fr.
696 3130 735 3159 15
758 3129 882 3167 Bergk.
905 3128 980 3159 Alia
1005 3128 1146 3167 collegit
1172 3129 1300 3160 Usener
1323 3129 1370 3159 1.1.
1397 3131 1436 3159 44
1463 3136 1550 3167 sqq.;
1574 3129 1666 3166 quod
1689 3138 1772 3159 vero
1797 3139 1814 3159 e
1839 3127 1984 3159 scholiis
