2234 3443
191 183 214 228 ἓ
247 182 346 231 325,
381 182 482 228 326]
857 192 911 220 nn
943 192 1351 223 comunenomssus.
1926 187 2010 226 397

305 304 459 344 Iterari
500 304 762 354 particulam
806 318 844 342 τε
885 304 930 343 in
962 304 1150 344 dictione
1187 306 1357 354 poetica
1388 315 1475 345 non
1507 307 1600 345 erat
1630 309 1954 357 necessarium;
1989 319 2015 348 a

188 371 380 420 pedestri
410 382 513 412 vero
545 371 737 420 simplex
769 385 808 410 τε
842 371 1037 411 alienum
1068 372 1165 412 fuit.

304 438 354 477 In
395 439 530 488 epicis
561 437 830 478 carminibus
862 439 1126 486 praesertim
1156 439 1368 478 nominaa
1399 439 1480 478 hac
1512 440 1727 489 particula
1754 441 2012 490 copulaban-

190 507 274 553 tur,
307 515 374 545 ex.
407 516 524 554 gr.:*

543 572 734 611 κύνεσσιν
766 572 948 612 οἰωνοῖσί
974 586 1012 611 τε
1043 578 1141 611 πᾶσι
1153 570 1181 610 b.

544 638 591 678 τά
622 636 649 677 τ’
684 637 802 678 ἐόντα
834 639 880 677 τά
910 636 936 678 τ’
973 637 1168 688 ἐσσόμενα
1199 639 1277 690 πρό
1308 636 1334 678 τ’
1371 638 1486 679 ἐόντα
1499 648 1526 678 ⁶.

307 705 538 745 Nonnullis
579 707 729 745 autern
769 706 878 746 locis
913 708 1014 755 post
1044 706 1306 755 particulam
1337 720 1375 745 τε
1406 706 1589 747 verbum
1620 719 1908 758 synonymum
1941 711 2010 750 vel

188 772 277 811 fere
309 782 607 821 synonymum
638 775 899 822 usurpatum
933 775 1023 821 est;
1060 784 1129 813 ex.
1163 784 1252 823 gr.:

543 834 568 890 ἧ
600 854 668 878 κεν
700 838 914 893 γηθήσαι
949 840 1212 890 Πρίαμοσ,..

542 905 654 945 ἄλλοι
683 918 730 947 τε
766 907 897 957 Τρῶεσ
928 905 1026 959 μέγα
1058 921 1125 945 κεν
1158 906 1432 960 κεχαροίατο
1445 905 1481 950 d.

306 972 375 1012 Sic
418 972 519 1012 bina
563 974 779 1013 enuntiata
835 975 916 1013 hac
962 974 1176 1022 particula
1223 975 1456 1014 coniuncta
1505 975 1763 1029 evadebant,
1809 978 1849 1016 id
1896 978 2010 1025 quod

184 1039 244 1078 ibi
290 1049 458 1088 quoque
504 1041 723 1080 interdum
776 1043 843 1080 est
898 1041 1064 1081 factum
1122 1042 1195 1081 ubi
1241 1043 1389 1090 plures
1435 1043 1640 1091 deinceps
1687 1053 1758 1082 res
1803 1045 1918 1084 inter
1963 1055 2011 1084 se

187 1106 472 1146 cohaerentes
512 1107 581 1146 vel
637 1108 806 1148 similes
854 1109 904 1148 de
956 1119 1043 1148 uno
1090 1110 1330 1157 eodemque
1380 1109 1576 1148 subiecto
1623 1110 2011 1159 praedicabantur;

187 1183 256 1213 ex.
291 1184 377 1222 gr.:

541 1239 794 1296 ἀὲεὲροσαν
826 1240 897 1292 μὲν
928 1248 1064 1294 πρῶτα
1083 1270 1090 1277 .
1110 1273 1117 1281 .
1135 1272 1143 1280 .
1161 1243 1321 1293 μήρουσ
1353 1240 1387 1283 τ’
1419 1239 1641 1296 ἐξέταμον
1654 1251 1686 1288 θ.

538 1311 673 1348 νεῖκοσ
698 1308 844 1360 ἄριστε,
872 1308 1144 1361 κακοφραδέσ,
1175 1308 1273 1348 ἄλλα
1305 1321 1351 1350 τε
1379 1312 1508 1348 πάντα
1537 1307 1541 1362 Ι
1571 1307 1724 1351 δεύεαι
1750 1312 1932 1363 Ἀργεΐων
1944 1309 1976 1351 f.

304 1375 357 1413 Et
386 1376 546 1415 iterato
576 1387 637 1414 rs:

540 1442 666 1481 παῖδά
696 1440 743 1483 τὲ
775 1455 835 1482 σοι
867 1441 1040 1497 ἀγέμεν
1075 1444 1230 1495 Φοίβωι
1261 1441 1309 1484 θ·’
1340 1444 1452 1494 ἱερὴν
1484 1442 1711 1496 ἑκατόμβην
1739 1443 1744 1495 Ι
1774 1441 1951 1498 ῥέξαιφ.

302 1508 368 1547 Ad
409 1519 524 1548 nova
554 1520 658 1548 vero
690 1512 962 1550 enuntianda
998 1512 1214 1550 transitus
1245 1513 1325 1550 hac
1358 1511 1574 1560 particula
1606 1522 1691 1551 non
1727 1513 1962 1561 parabatur
1975 1510 2008 1553 k.

303 1575 621 1624 Nonnunquam
655 1591 717 1614 τε.
737 1591 827 1615 ..τε
857 1580 901 1617 et
932 1592 971 1616 τε
989 1608 996 1615 .
1016 1608 1022 1616 .
1042 1608 1049 1616 .
1067 1576 1160 1616 nati
1188 1579 1230 1617 id
1257 1579 1374 1626 quod
1400 1579 1459 1617 vel
1485 1578 1805 1629 significabant,
1833 1590 1902 1619 ex.
1920 1591 2006 1629 gr.:

539 1641 646 1693 ὄφρα
676 1657 746 1682 κεν
779 1640 1005 1684 ἑνδεκάτη
1037 1656 1084 1685 τε
1117 1643 1386 1686 δυωδεκάτη
1415 1657 1462 1686 τε
1491 1644 1698 1697 γένηταιᾱ.

537 1708 707 1763 τριχθά
737 1722 782 1751 τε
819 1709 900 1751 καὶ
932 1710 1166 1765 τετραχθὰ
1198 1711 1417 1762 διατρυφὲν
1449 1712 1586 1752 ἔκπεσε
1616 1713 1745 1764 χειρόσ
1758 1711 1788 1751 k.

301 1775 556 1816 Cuiusmodi
586 1778 694 1817 locis
725 1779 764 1817 is
796 1781 870 1826 qui
905 1780 1096 1828 loquitur
1127 1790 1196 1819 res
1229 1781 1369 1819 menti
1394 1781 1523 1820 simul
1548 1780 1704 1820 oblatas
1729 1781 2009 1830 neglegentia

182 1843 372 1891 quadam
403 1844 622 1892 cogitandi
654 1848 698 1884 et
728 1845 932 1894 loquendi
964 1849 1013 1885 ut
1043 1847 1172 1885 simul
1197 1848 1335 1895 factas
1367 1848 1435 1886 vel
1462 1849 1635 1895 futuras
1666 1848 1926 1897 proferebat.

304 1909 348 1954 2.
381 1906 527 1964 αότάρ
570 1913 663 1951 sive
695 1909 838 1965 ἀτάρῐ
867 1916 922 1952 at.
955 1913 1196 1952 Coniuncta
1227 1908 1339 1952 αὖ-τε
1370 1917 1550 1953 autemm
1582 1916 1626 1953 et
1657 1913 1705 1965 ἄρ
1737 1923 1867 1963 eryon
1898 1916 2010 1955 hanc

183 1977 446 2027 particulam
476 1978 728 2028 effecerunt,
771 1990 857 2027 qua
899 1991 923 2019 a
966 1980 1096 2019 rebus
1142 1981 1341 2030 proxime
1385 1981 1514 2020 dictis
1546 1981 1589 2020 in
1621 1982 1886 2021 narrationis
1918 1992 2009 2022 cur·

181 2044 370 2084 ticulum
401 2045 638 2085 redibatur.
671 2046 748 2085 Vis
781 2048 1063 2086 adversativa
1094 2057 1180 2086 non
1213 2048 1368 2087 inerat.

302 2112 344 2154 3.
375 2109 433 2166 ὴὲ
477 2113 572 2153 sive
616 2110 648 2168 ἤ
695 2117 781 2153 aut.
823 2114 1019 2162 Utraque
1066 2115 1208 2154 forma
1250 2125 1349 2154 cum
1393 2117 1495 2154 ante
1532 2125 1747 2155 consonas
1778 2117 1872 2156 tum
1904 2118 2006 2156 ante

183 2179 360 2219 vocales
391 2180 684 2230 usurpabatur
697 2188 725 2220 0.

302 2312 330 2365 ὅ
361 2311 447 2354 326
477 2312 532 2356 A.
564 2315 716 2354 Altera
747 2315 875 2354 alteri
905 2316 1124 2354 sententia
1158 2316 1226 2354 his
1257 2315 1485 2364 particulis
1515 2316 1826 2356 subiciebatur:

302 2379 339 2423 l.
373 2377 413 2421 εἰ
454 2382 549 2420 sive
590 2378 645 2421 αἴ
671 2383 719 2421 si.
752 2383 912 2421 Forma
944 2383 1172 2432 posterior,
1206 2393 1231 2421 a
1261 2393 1347 2430 qua
1378 2383 1586 2431 proclisin
1618 2383 1809 2423 alienam
1841 2384 2006 2423 duxere

182 2448 369 2497 veteres,
412 2448 456 2486 in
502 2451 629 2487 textu
676 2449 835 2488 tradito
881 2459 966 2488 non
1014 2450 1100 2488 nisi
1147 2452 1358 2498 sequente
1405 2463 1448 2488 κε
1488 2450 1558 2489 vel
1599 2451 1673 2502 γάρ
1714 2451 1785 2490 vel
1824 2454 1895 2489 -θε
1937 2452 2006 2490 est

181 2516 386 2553 exarata:
418 2513 466 2552 αἴ
489 2529 532 2553 κε
563 2516 599 2554 si
630 2516 714 2560 (vel
737 2520 809 2560 an)
835 2517 956 2565 forte,
985 2516 1075 2555 Att.
1105 2510 1186 2565 ἐὰν,
1214 2515 1257 2554 αἲ
1281 2516 1355 2566 γάρ
1383 2518 1478 2556 sive
1504 2516 1597 2555 αἴθε
1621 2518 1801 2557 utinam.
1819 2518 1897 2557 Ex.
1915 2528 2003 2566 gr.:

537 2580 671 2632 ὄψεαι,
700 2579 755 2622 αἴ
782 2580 825 2622 κ’
857 2581 1079 2632 ἐθέληισθα
1110 2581 1177 2620 καὶ
1209 2580 1264 2623 αἴ
1291 2581 1370 2624 κέν
1403 2598 1462 2622 τοι
1493 2583 1538 2622 τὰ
1570 2584 1785 2634 μεμήληιΡ.

270 2730 289 2748 α
314 2719 426 2749 Etiam
450 2717 648 2757 participia.
782 2719 798 2748 b
824 2721 857 2749 A
887 2721 916 2749 5.
1051 2729 1066 2750 c
1091 2722 1125 2749 A
1152 2721 1203 2750 70.
1337 2721 1360 2751 d
1381 2723 1415 2751 A
1440 2722 1504 2752 255
1529 2722 1589 2759 al.;
1614 2721 1741 2752 similia
1765 2722 1856 2752 A3'7
1875 2730 1940 2758 sq„
1960 2722 2005 2752 al.

317 2780 333 2800 e
355 2773 390 2800 A
414 2772 478 2801 459
502 2779 572 2809 sq.;
598 2770 727 2801 similia
750 2774 779 2800 A
808 2773 869 2802 114
894 2781 945 2810 sq.
970 2783 989 2801 σ
1014 2773 1090 2802 356.
1248 2772 1271 2809 f
1289 2776 1319 2803 Ψ
1347 2774 1423 2803 483.
1584 2784 1606 2814 q
1631 2776 1666 2804 A
1690 2776 1754 2804 443
1779 2781 1848 2812 sq.;
1875 2772 2004 2804 similia

186 2826 215 2854 Γ
236 2824 288 2859 80,
317 2824 379 2853 117
405 2825 441 2853 Φ
464 2824 528 2853 559
553 2823 597 2853 al.
741 2823 762 2853 Ῐι
785 2824 875 2854 Male
900 2833 951 2854 ex.
975 2833 1026 2862 gr.
1051 2825 1143 2855 Wolf
1166 2837 1181 2854 ν
1205 2826 1269 2855 203
1291 2831 1345 2863 πῆι
1370 2826 1407 2864 δὴ
1431 2829 1579 2865 χρήματα
1603 2828 1702 2856 πολλὰ
1730 2827 1812 2867 φέρω
1834 2827 1924 2861 τάδε,·
1948 2831 2004 2864 πῆι

182 2887 215 2905 τε
243 2876 293 2905 καὶ
321 2875 418 2905 aaran
439 2874 444 2913 Ι
465 2877 633 2912 πλάζομαι,-
656 2884 718 2914 pro
742 2882 796 2914 πῆι
821 2878 854 2906 δὲ
877 2888 904 2906 κ.
928 2889 955 2906 α.
982 2887 1015 2906 n.
1254 2878 1266 2907 i
1290 2878 1403 2908 Etiam
1427 2879 1538 2908 solum
1564 2877 1614 2908 sic
1639 2881 1844 2917 usurpatum
1867 2882 1919 2908 est
1941 2882 2003 2914 καί,

181 2936 235 2958 ex.
259 2936 309 2966 gr.
333 2930 384 2957 ’ἕνα
411 2928 462 2957 καὶ
486 2928 541 2957 δύο
560 2938 656 2958 unum
679 2928 733 2958 vel
751 2927 830 2959 duos
854 2932 882 2959 Β
908 2930 984 2960 346.
1108 2928 1131 2969 j
1155 2930 1172 2959 δ
1198 2930 1274 2960 588.
1410 2930 1430 2959 k
1451 2933 1481 2960 Γ
1503 2931 1578 2960 363.
1713 2931 1727 2960 l
1748 2930 1829 2969 Pag.
1851 2931 1893 2961 90
1907 2930 1937 2960 lc.
1962 2931 2002 2960 In

179 2980 294 3010 thesin
318 2979 506 3010 admissum
530 2989 597 3010 non
622 2983 676 3010 est
696 2983 750 3011 αὑ·
775 2980 841 3011 nisi
864 2984 892 3011 A
917 2982 980 3011 542
1004 2983 1115 3022 χειρὸσ
1139 2984 1251 3017 ἑλοῦσ’,
1277 2984 1378 3022 αὐτὰρ
1402 2983 1515 3022 βελέων
1538 2984 1687 3023 ἀπερύκοι
1711 2986 1814 3024 ἰρωήν.
1838 2984 1877 3013 In
1903 2983 2003 3014 codd.

180 3033 280 3072 αὐτάρ
315 3040 378 3070 pro
414 3033 492 3073 ἀτάρ
526 3034 658 3071 passim
695 3036 747 3062 est
781 3034 948 3072 scriptum
984 3034 1103 3064 invitis
1137 3033 1312 3069 numeris;
1338 3036 1369 3064 K
1393 3036 1434 3064 99
1459 3034 1526 3072 leg.
1558 3038 1778 3071 κοιμήσωνται,
1801 3037 1890 3076 ἀτάρ,
1914 3044 1998 3065 non:

182 3084 298 3119 —umvtss
321 3086 429 3125 αὐτάρ.
564 3095 592 3114 m
615 3085 655 3114 Id
678 3086 771 3123 quod
794 3083 833 3115 αὖ
855 3084 929 3116 sive
953 3083 1045 3116 αὖτισ
1068 3086 1198 3122 valens,
1224 3087 1240 3123 ἓ
1267 3084 1358 3116 328².
1527 3096 1547 3116 n
1571 3086 1590 3125 ᾗ
1616 3088 1668 3117 11.
1837 3097 1855 3118 o
1882 3087 2003 3118 Rarior

180 3137 235 3165 est
253 3136 363 3167 forma
386 3136 640 3174 monosyllaba3
666 3136 836 3174 disyllaba.
860 3146 964 3176 saepe
988 3140 1041 3167 est
1066 3138 1161 3175 elisa,
1186 3146 1265 3176 pag.
1289 3139 1330 3168 86
1355 3146 1406 3176 sq.
1537 3148 1559 3177 p
1583 3141 1611 3168 A
1637 3140 1712 3170 353.
