2234 3443
209 190 263 228 92
741 199 794 226 DE
825 199 1066 229 VOCALissUS
1096 201 1148 228 ET
1180 201 1494 231 DIPHTHONGIS.
1777 195 1816 240 [ἓ
1852 196 2020 234 19-21

335 311 494 351 Vocales
536 315 686 352 autem
728 313 884 352 breves
925 313 1080 353 finales
1106 315 1159 353 ad
1190 316 1308 354 arsin
1342 315 1604 365 explendam
1639 327 1722 356 non
1754 317 2027 358 sufficiebant

207 378 292 416 nisi
337 381 431 417 ante
477 390 710 429 caesuram,
754 382 802 418 ut
837 381 879 419 in
919 392 1047 420 versu
1080 393 1214 430 supra
1244 382 1422 421 laudato
1464 379 1651 432 Ὀρέσταο
1678 380 1693 434 ΙΙ
1716 383 1829 433 τίσισ,
1860 387 1904 424 et
1933 388 2027 425 ante

204 443 476 496 semivocales,
506 457 589 495 qua
621 448 672 486 de
698 458 743 486 re
774 448 941 487 dicetur
973 449 1140 496 infraa;
1185 454 1354 488 ceterae
1388 450 1438 488 de
1471 449 1629 497 quibus
1659 461 1775 490 nunc
1806 462 1951 492 sermo
1976 452 2024 491 fit

204 512 396 560 syllabae
439 514 748 553 claudebantur
787 513 1009 554 consonab.
1054 515 1323 565 Quapropter
1363 527 1521 565 parum
1551 518 1648 556 tuta
1679 520 1747 556 est
1778 520 2026 559 coniectura

205 579 441 620 Ἀσκλκπιόο
487 581 558 619 δύο
600 581 718 619 παῖδε
759 592 834 629 pro
876 583 1036 620 vitiosa
1076 583 1266 622 lectione
1308 589 1466 633 -πῑοῦσ,
1505 594 1644 632 neque
1681 586 1927 634 recipienda
1957 589 2027 626 est

202 646 330 685 lectio
368 648 507 686 altera
538 642 593 685 ὧσ
618 644 750 697 ’φάθ’,
782 646 801 685 ὃ
836 646 882 688 ὸὲ
914 648 1028 695 τόξον
1061 660 1159 698 pro:
1194 647 1229 688 δ’
1266 645 1354 688 αὖά
1383 651 1475 690 vel:
1505 651 1594 690 τότε
1627 651 1804 701 δεσμοῖσι
1835 651 2025 692 διδέντων

203 723 302 761 pro:
335 710 405 751 τότ’
443 712 484 752 ἐν
498 722 524 752 e.

319 780 549 819 Nonnullis
578 783 731 821 tamen
757 782 866 821 locis
899 784 1013 822 arsis
1039 784 1216 833 expleta
1241 787 1309 824 est
1336 795 1443 824 sono
1461 784 1581 824 finali
1602 801 1646 823 -α
1662 785 2016 836 Δηειιινι·1ι)ῑιιναίι“ε;

203 857 272 885 ex.
307 857 394 895 gin:

414 911 417 918 '
554 915 773 967 πορφύρεα
803 915 1051 969 καθύπερθ’,
1079 917 1279 968 ὑπένερθε
1316 917 1358 958 δὲ
1389 916 1467 958 λῖθ’
1503 918 1741 971 ὑπέβαλλεί.

555 979 630 1030 τόξ’
665 983 833 1032 ὤμοισιν
864 984 963 1036 ἔχων
994 984 1243 1037 ἀμφηρεφέα
1274 1001 1313 1026 τε
1345 986 1594 1039 φαρέτρην-9.

318 1048 461 1088 Alieni
487 1050 586 1089 hinc
612 1055 716 1090 sunt
743 1063 895 1092 versus
927 1055 970 1092 in
998 1055 1157 1101 quibus
1183 1056 1296 1094 arsis
1324 1055 1502 1104 expleta
1529 1057 1597 1094 est
1615 1055 1751 1094 dativi
1776 1065 1881 1095 sono
1899 1055 2018 1095 finali

199 1112 279 1163 -ib,
314 1126 382 1155 ex.
414 1128 507 1165 gn:

556 1185 699 1226 Αἴαντι
733 1184 775 1225 δὲ
806 1188 974 1237 μάλιστα
1006 1189 1198 1241 δαΐφρονι
1229 1189 1367 1240 θυμὸν
1399 1188 1507 1240 ὄρινε
1522 1188 1544 1227 ἱ.

555 1252 694 1303 κάρτεΐ
717 1268 756 1292 τε
788 1253 931 1296 σθένεΐ
959 1271 997 1294 τε
1029 1256 1240 1307 διακριδὸν
1277 1253 1406 1307 ἔμμην’
1442 1253 1642 1308 ἅριστοσ]’.

554 1313 583 1357 ὦ
617 1323 776 1371 Ἀχιλεῦ,
805 1321 938 1360 κέλεαί
965 1338 1025 1373 με,
1056 1321 1124 1363 Διὶ
1155 1323 1259 1373 φίλε,
1289 1324 1559 1373 μυθήσασθαι
1573 1322 1607 1363 7⁶.

553 1387 768 1426 δενδίλλων
800 1388 842 1427 ἐσ
872 1389 1053 1440 ἕκαστον,
1080 1389 1275 1442 Ὀδυσσῆϊ
1307 1389 1349 1430 δὲ
1381 1391 1551 1441 μάλιστα
1570 1388 1594 1430 ἶ.

551 1452 619 1492 τὸν
651 1455 915 1508 Λυκόροργοσ
948 1457 1094 1508 ἔπεφνε
1127 1459 1258 1508 δόλωι,
1289 1456 1337 1497 οὔ
1369 1473 1402 1496 τι
1434 1455 1574 1509 κράτεΐ
1602 1467 1698 1510 γεῖη.

316 1582 344 1638 ἓ
379 1585 450 1628 20.
493 1588 634 1627 Sonus
660 1604 721 1627 -ο-
753 1593 1158 1640 comparativorum
1183 1591 1880 1644 ἀνικρότεροση,κακοξεινότεροσθ,
1912 1590 2017 1639 ὀῖζῦ-

197 1652 390 1703 ρότεροσι)
421 1657 465 1693 et
496 1656 753 1704 superlativi
785 1655 1069 1710 ὀϊζῦρότατοσει
1095 1663 1238 1701 metro
1267 1663 1450 1710 cogente
1476 1662 1521 1700 in
1548 1662 1636 1700 arsi
1663 1664 1731 1700 est
1757 1664 2011 1710 usurpatus

198 1719 277 1768 Qui
319 1731 419 1760 vero
461 1722 573 1762 hanc
613 1726 943 1767 excusationem
990 1739 1077 1767 non
1108 1729 1240 1768 habet
1271 1729 1568 1778 superlativus
1597 1729 1850 1780 λᾱρώτατοσν
1881 1729 2013 1777 profe-

194 1788 355 1826 rendus
387 1791 455 1827 est
487 1790 771 1842 iaepaiwtooS,
805 1795 1023 1842 positivus
1055 1797 1172 1834 enim
1204 1796 1249 1835 in
1281 1797 1468 1836 dictione
1495 1796 1616 1845 epica
1641 1806 1727 1835 non
1758 1795 1879 1845 λᾶρόσ
1907 1797 2014 1847 erat,

196 1855 307 1902 quod
333 1855 377 1894 in
409 1856 532 1896 libris
564 1860 632 1897 est
662 1860 916 1912 scriptumt‚
945 1864 1021 1902 sed
1054 1863 1268 1916 iatplspdo.

313 1921 538 1963 Contraria
577 1935 647 1964 res
693 1926 862 1967 obtinet
906 1930 951 1968 in
993 1930 1201 1969 adverbio
1242 1930 1551 1983 μκάτερθε(ν)α
1593 1931 1723 1970 metri
1764 1940 1896 1970 causa
1936 1939 2012 1979 pro

193 1989 503 2040 fenate'poeflew)
534 1992 661 2032 dicto,

312 2122 339 2174 ἓ
371 2122 433 2164 21.
465 2124 643 2172 Syllaba
674 2128 857 2168 initialis
884 2141 1043 2170 vocum
1068 2142 1179 2180 quae
1197 2133 1380 2171 atribus
1397 2132 1584 2180 syllabis
1602 2132 1808 2171 brevibus
1825 2141 2012 2170 exorsae

194 2191 262 2228 his
302 2192 548 2231 subiectam
589 2194 752 2234 habent
789 2198 1008 2245 syllabam
1054 2200 1149 2239 sive
1180 2202 1339 2239 natura
1370 2201 1464 2239 sive
1496 2200 1714 2249 positione
1745 2199 1938 2247 longam,
1971 2198 2013 2236 in

194 2258 462 2297 carminibus
504 2261 638 2309 epicis
679 2265 846 2311 passim
888 2267 1057 2306 obtinet
1100 2269 1218 2306 arsin
1261 2270 1394 2313 (ooo-2).
1430 2268 1566 2317 Quam
1599 2268 1832 2306 licentiam
1862 2267 2013 2305 textus

193 2325 381 2364 traditus
406 2327 450 2365 in
480 2328 577 2368 aliis
606 2331 828 2371 vocabulis
855 2335 1048 2373 ostendit
1075 2336 1229 2385 oculis,
1261 2337 1306 2375 in
1338 2336 1437 2375 aliis
1468 2336 1531 2374 ita
1557 2335 1689 2374 habet
1711 2335 2011 2374 oblitteratam

193 2393 241 2429 ut
281 2392 490 2434 lectorem
528 2396 709 2437 lateatv.
750 2399 860 2439 Nam
904 2402 1025 2441 vocis
1066 2401 1315 2441 ἀπονέεσθαι
1353 2403 1423 2442 vel
1454 2401 1639 2441 ἐπίτονοσ
1666 2411 1777 2450 quae
1807 2402 1867 2440 sit
1898 2400 2012 2440 ratio

280 2565 299 2584 a
323 2554 341 2593 ξ
367 2556 407 2586 26
433 2559 468 2587 et
492 2558 533 2588 de
558 2559 714 2590 clausula
737 2564 897 2604 θυγατέρα
919 2567 980 2602 frjv
1005 2565 1022 2602 ἓ
1049 2563 1116 2596 44³.
1270 2566 1285 2596 b
1311 2579 1372 2602 -αν,
1393 2579 1448 2601 -w,
1468 2579 1522 2602 -tv,
1544 2579 1601 2602 -ον,
1622 2579 1685 2607 -αρ,
1706 2577 1771 2601 -ασ,
1792 2577 1851 2600 -εσ,
1873 2576 1929 2602 -ισ,
1949 2574 2013 2597 -οσ,

325 2620 341 2640 ι·
365 2614 392 2640 Β
419 2612 493 2648 731,
518 2614 536 2651 ς]
561 2615 614 2644 59.
770 2615 793 2645 d
818 2620 841 2644 ο
866 2617 941 2646 478.
1101 2627 1118 2648 e
1139 2630 1161 2656 μ
1188 2619 1240 2649 54.
1389 2619 1420 2660 f
1440 2632 1456 2649 κ
1481 2621 1555 2649 353.
1581 2620 1669 2650 Item
1694 2620 1725 2649 Ω
1751 2620 1766 2649 7
1792 2631 1812 2656 μ
1840 2619 1903 2648 396
1929 2625 1959 2646 v.
1985 2616 2009 2645 1.

195 2667 218 2691 Υ
244 2663 319 2699 255,
344 2667 378 2693 et
403 2668 480 2702 post
504 2667 818 2705 interpunctionem
844 2668 858 2702 ξ
883 2670 959 2699 343.
1131 2682 1153 2711 9
1178 2673 1212 2701 A
1236 2673 1288 2702 45.
1315 2673 1402 2702 Item
1433 2676 1465 2702 ψ
1487 2674 1550 2702 240
1576 2685 1585 2702 ι
1611 2673 1671 2702 147
1698 2680 1726 2711 ψ
1751 2672 1814 2701 225
1839 2671 1918 2700 Hes.
1944 2669 2007 2707 Op.

194 2715 266 2744 130.
291 2717 378 2745 Ante
402 2726 565 2748 caesuram
588 2728 692 2750 sonus
716 2733 750 2750 ·oc
774 2723 865 2751 arsin
890 2723 1006 2760 explet
1032 2727 1056 2753 Ε
1079 2725 1142 2754 576
1167 2725 1222 2761 al„
1248 2725 1309 2755 sed
1331 2726 1402 2755 illie
1426 2724 1512 2755 nihil
1535 2726 1665 2755 insoliti
1685 2724 1789 2754 habet
1813 2722 2006 2762 productio,

191 2777 267 2805 pag.
288 2769 327 2798 91
344 2768 373 2808 k,
394 2778 507 2807 neque
521 2774 598 2801 ante
612 2774 866 2811 semivocalem,
891 2784 941 2804 ex.
966 2785 1018 2813 gr.
1044 2779 1068 2805 E
1092 2778 1168 2812 547,
1193 2778 1209 2815 5
1235 2779 1288 2808 26.
1430 2777 1449 2807 Ιι
1475 2779 1491 2814 ξ
1520 2779 1559 2808 15
1585 2780 1619 2808 et
1644 2779 1696 2808 18.
1838 2775 1849 2805 ι’
1873 2776 1909 2807 Ξ
1932 2775 2006 2803 459.

316 2819 338 2858 j
364 2825 388 2850 ο
414 2823 488 2852 108.
675 2825 695 2854 lc
720 2828 752 2855 A
780 2827 831 2856 74.
1019 2827 1071 2858 ιι
1098 2831 1171 2860 180.
1359 2841 1386 2860 m
1414 2834 1447 2860 H
1472 2830 1545 2860 142.
1727 2839 1747 2858 n
1769 2829 1808 2859 L.
1831 2837 1862 2857 a.
1885 2832 1906 2866 μ
1933 2827 2006 2855 19⁰·

322 2882 339 2902 ο
364 2885 380 2903 υ
405 2875 481 2905 376.
616 2888 640 2916 p
666 2881 693 2907 Ρ
714 2880 790 2909 446.
928 2889 946 2918 q
972 2893 984 2909 ε
1013 2882 1085 2910 105.
1110 2882 1253 2919 Epioam
1278 2883 1365 2912 hane
1389 2882 1589 2912 libertatem
1614 2881 1771 2912 imitatus
1796 2880 1948 2910 comicus
1971 2878 2005 2906 in

189 2925 388 2956 hexametro
412 2935 514 2958 versu
537 2929 616 2966 Lys.
642 2931 705 2960 776
730 2929 818 2960 dixit
841 2935 1151 2974 καταπυγονέστερον
1336 2946 1352 2965 r
1375 2941 1396 2975 ρ’
1421 2937 1495 2965 350.
1658 2944 1674 2964 ,ι
1696 2934 1841 2965 Schulze
1866 2933 2005 2968 Quaest-

189 2977 250 3015 Ep.
277 2978 327 3006 26.
464 2983 476 3009 t
502 2983 528 3010 P
550 2983 614 3012 572
642 2985 672 3011 Τ
691 2984 754 3013 316
778 2996 800 3020 μ
826 2984 889 3014 283
914 2984 929 3018 ξ
953 2985 1029 3014 408.
1055 2987 1134 3016 Hes.
1161 2988 1200 3016 fr.
1227 2989 1289 3018 207
1316 2997 1378 3026 pro
1404 2989 1527 3018 vitioso
1553 2988 1654 3018 οὐκέτι
1674 2988 1711 3025 δὴ
1729 2991 1873 3026 βαίνουσι
1892 2987 2001 3023 λαροῖσ

188 3033 280 3059 ποσίν
304 3030 528 3062 Ruhnkenius
552 3036 717 3064 tentavit:
751 3040 861 3076 βαῖνον
888 3040 1044 3077 λιπαροῖσ,
1078 3041 1112 3068 et
1135 3040 1200 3069 alia
1224 3039 1335 3070 conici
1359 3043 1506 3078 possunt
1528 3040 1648 3076 multa,
1675 3049 1726 3070 ex.
1750 3049 1817 3078 gn:
1843 3038 1944 3069 οὐκέτι
1966 3036 2003 3073 δὴ

186 3086 328 3121 βαίνουσι
353 3099 396 3114 υ-
421 3087 578 3124 λιπαροῖσι
603 3088 752 3117 πόδεσσιν
776 3088 847 3117 vel:
880 3090 978 3118 οὐκέτι
1004 3090 1041 3127 δὴ
1063 3094 1208 3129 βαίνουσι
1232 3094 1325 3122 ποσὶν
1348 3096 1503 3132 λιπαροῖσι
1527 3105 1607 3125 υ-ιῃ.
1771 3103 1791 3123 u
1819 3094 1899 3130 Pag.
1925 3093 2002 3124 74e.

323 3150 339 3170 v
363 3141 496 3171 Ahrens
520 3141 614 3181 Conj.
641 3145 703 3174 auf
723 3157 756 3182 μι
782 3147 822 3175 35
849 3145 906 3184 (=
919 3146 964 3176 kl.
991 3148 1087 3178 Schr.
1111 3149 1125 3178 1
1151 3150 1217 3187 29).
