2234 3443
255 179 339 219 262
697 191 750 219 nn
792 190 1026 219 AUGMENTO
1055 191 1107 218 ΕΤ
1139 190 1194 218 ΒΕ
1229 189 1617 219 BnoUPchrrorm.
1919 181 1956 225 [ἓ
1992 179 2076 219 130

843 302 864 343 ὃ
898 301 931 342 δ’
970 302 1168 352 ἐπηύξατο
1205 303 1361 353 Φοῖβοσ
1393 302 1620 341 Ἀπόλλωνα

253 371 572 419 diphthongum
605 387 657 421 ηυ
692 372 736 410 in
769 372 938 411 cunctis
971 370 1190 409 codicibus
1222 370 1432 409 servavit.

372 438 601 477 Feminina
649 448 750 477 vero
798 448 977 477 caesura
1023 447 1076 476 ne
1124 438 1412 484 augmentum
1459 437 1655 476 addendo
1699 436 1744 474 in
1783 435 2077 474 masculinam

254 506 451 543 mutetur
481 505 765 544 dehortantur
796 515 950 544 versus
982 505 1147 543 heroici
1171 504 1292 552 origo
1320 504 1364 542 et
1391 503 1559 542 indoles
1572 500 1600 542 b.
1628 504 1782 550 Itaque
1804 502 1888 551 leg.
1907 513 1974 541 ex.
1993 512 2079 550 gr.:

551 577 614 610 τῗιι
646 572 806 610 δεκάτκι
839 568 876 609 δ’
914 571 1111 622 ἀγορήνδε
1138 568 1371 609 ’καλέσσατο
1403 569 1501 608 λαὸν
1537 570 1771 620 Ἀχιλλεύσθ,

255 649 362 678 non:
413 635 602 689 ἀγορήνδ’
656 637 904 677 ἐκαλέσσατο.
950 638 1203 677 Cavendum
1249 639 1382 676 etiam
1430 647 1485 676 ne
1531 637 1677 676 addito
1726 639 1963 685 augmento
2006 635 2084 675 fiat

256 716 438 745 caesura
474 708 573 754 post
599 708 804 754 quartum
837 707 1092 745 trochaeum
1105 704 1137 744 d.
1171 706 1220 744 In
1253 705 1375 743 exitu
1400 714 1504 744 vero
1531 704 1781 743 hexametri
1805 704 1913 743 nihil
1940 703 2084 742 obstat

256 774 490 821 quominus
521 773 755 821 trisyllaba
785 783 891 812 voce
924 773 968 811 in
1000 772 1334 821 tetrasyllabam
1368 773 1542 810 mutata
1570 771 1773 819 legantur
1805 781 1873 810 ex.
1907 781 1992 819 gr.:

551 837 727 878 Παλλάδ’
768 841 1002 888 Ἀθηναίην,
1033 838 1174 892 δμεινὼ
1213 837 1255 877 δέ
1289 853 1358 890 foc
1391 835 1474 877 ὄσσ’
1516 836 1717 886 ἐφάενθεν

258 910 301 947 et
333 908 537 947 similiae.
573 908 743 956 Scripta
775 910 924 945 autem
958 907 1228 955 exemplaria
1260 906 1427 954 passim
1460 906 1575 944 inter
1607 915 1654 944 se
1680 906 1943 954 discrepant,
1971 906 2014 943 et
2039 905 2084 943 in

255 975 447 1014 tenebris
479 975 687 1014 micantis
719 976 786 1013 est
817 975 886 1012 his
916 973 1046 1013 fidem
1078 974 1237 1012 habere
1250 971 1281 1014 f.

374 1041 493 1091 Quod
526 1052 629 1081 vero
666 1043 717 1080 in·
747 1041 926 1080 scholiis
956 1042 1122 1090 passim
1160 1040 1333 1088 legitur,
1379 1041 1668 1088 augmentum
1710 1040 1754 1078 in
1796 1040 1877 1078 hoc
1907 1039 1977 1077 vel
2007 1038 2082 1078 illo

256 1120 387 1149 versu
424 1110 640 1148 omissum
673 1119 769 1148 esse
804 1139 821 1157 „
841 1109 1039 1158 ἰακῶσ”9,
1069 1111 1137 1148 est-
1168 1119 1261 1148 rem
1294 1108 1600 1156 statuentium,
1635 1117 1722 1146 non
1753 1106 2080 1156 explicantium‚

257 1178 373 1216 idem
415 1177 532 1215 enim
568 1176 686 1215 valet
719 1177 854 1224 quod:
892 1173 1175 1229 ,,“Ομηρικῶσ”
1207 1177 1301 1215 sive
1337 1186 1451 1215 more
1483 1173 1638 1224 epicoh,
1680 1185 1705 1213 a
1735 1174 1904 1213 dialecto
1935 1175 2083 1212 autem

258 1245 404 1283 Ionica
444 1245 730 1292 augmentum
773 1244 911 1283 nihilo
943 1245 1086 1291 magis
1117 1254 1248 1291 quam
1282 1243 1334 1282 ab
1367 1243 1465 1281 aliis
1497 1242 1696 1281 dialectis
1726 1241 1917 1280 alienum
1950 1240 2086 1279 fuisse

259 1314 414 1352 docent
455 1311 763 1359 inscriptiones
803 1321 1006 1350 sermone
1047 1312 1238 1360 pedestri
1274 1306 1548 1359 conceptaei.
1580 1309 1849 1358 Quapropter
1881 1307 2089 1355 sequendi

259 1389 342 1418 non
376 1379 479 1416 sunt
510 1377 677 1416 librarii
709 1379 752 1416 in
786 1378 996 1417 Herodoti
1026 1379 1224 1417 historiis
1257 1380 1544 1426 augmentum
1577 1378 1647 1416 hic
1677 1377 1767 1415 illic
1796 1377 2067 1415 omittentes.

377 1446 426 1483 In
460 1445 660 1483 versibus
696 1446 766 1493 qui
800 1448 1044 1493 sequuntur
1076 1455 1210 1484 causa
1241 1445 1339 1484 vitii
1371 1445 1548 1483 absurdi
1578 1444 1663 1483 fuit
1688 1445 1974 1492 augmentum
2001 1451 2087 1482 non

260 1512 481 1561 agnitum:

557 1585 684 1629 τῆμοσ
714 1577 774 1629 ἄρ’
813 1578 917 1630 ἀμφὶ
953 1582 1089 1629 πυρὰν
1119 1579 1254 1625 κριτὸσ
1286 1578 1424 1631 ι’ίγρετο
1460 1578 1558 1618 λαὸσ
1589 1575 1787 1629 Ἀχαιῶνέ.

556 1653 682 1697 τῆμοσ
712 1644 770 1698 ἄρ’
805 1645 909 1697 ἀμφὶ
941 1650 1076 1697 πυρὴν
1107 1650 1252 1686 κλυτοῦ
1272 1644 1469 1697 ‘'Europoo
1501 1645 1641 1697 ἷίγρετο
1672 1645 1769 1683 λαόσ
1782 1642 1811 1682 k.

263 1713 346 1753 Ubi
392 1714 562 1753 codices
603 1714 788 1753 habent:
830 1714 971 1766 ἔγρετο.
1013 1715 1225 1754 Vetustae
1265 1714 1476 1753 nimirum
1508 1713 1784 1752 litteraturae
1816 1713 1940 1760 signa
1971 1712 2089 1750 dece-

261 1783 420 1829 perunt
449 1782 807 1830 transcriptores;
840 1792 926 1821 non
959 1783 1075 1821 enim
1108 1793 1184 1831 per
1210 1783 1349 1820 totam
1377 1782 1550 1820 noctem
1579 1781 1693 1819 circa
1718 1790 1871 1828 rogum
1898 1779 2092 1818 dormivit

264 1848 497 1895 exercitus,
532 1849 607 1887 sed
641 1850 781 1897 primo
814 1859 944 1888 mane
973 1852 1246 1898 conyreyatus
1271 1852 1326 1888 est
1351 1849 1404 1886 ad
1431 1847 1651 1886 tumulum
1679 1847 1953 1886 struendum.
1969 1846 2093 1884 Talia

264 1918 410 1955 autem
459 1917 566 1954 vitia
613 1926 712 1954 cum
760 1917 1030 1965 irrepserunt
1071 1918 1278 1956 contextu
1325 1916 1478 1964 invito,
1527 1915 1707 1953 dubium
1752 1924 1839 1953 non
1881 1915 1946 1952 est
1987 1913 2090 1961 quin

261 1986 548 2031 augmentum
590 1986 633 2022 et
675 1984 772 2022 aliis
812 1984 920 2023 locis
961 1984 1190 2032 interierit,
1231 1983 1388 2032 quibus
1430 1983 1579 2021 minus
1610 1982 1795 2021 nocebat
1827 1981 2091 2029 neglectum.

263 2050 368 2098 Quid
418 2051 557 2089 enim!
607 2050 759 2089 Nonne
806 2053 849 2090 et
896 2051 1237 2090 Atheniensibus
1284 2052 1571 2099 augmentum
1620 2049 1852 2087 verborum
1892 2046 2093 2098 εὔχεσθαι,

262 2116 472 2165 εὑρίσκειν,
533 2117 712 2165 εἰκάζειν,
771 2119 985 2157 similium
1041 2119 1302 2158 ademerunt
1357 2113 1581 2156 librarii?l
1635 2116 1786 2155 Nonne
1843 2115 2091 2164 plusquam-

263 2185 520 2234 perfectum,
556 2185 668 2233 quod
701 2187 744 2224 in
777 2186 1118 2225 Atticaalibive
1150 2186 1346 2225 locorum
1379 2187 1615 2232 augmento
1642 2184 1779 2223 nihilo
1804 2183 1948 2232 magis
1965 2182 2092 2222 desti-

263 2253 410 2290 tutum
454 2252 535 2290 fuit
580 2262 712 2299 quam
754 2255 899 2292 cetera
940 2256 1141 2302 tempora
1172 2252 1437 2300 historicam,
1470 2251 1513 2289 in
1545 2251 1793 2289 Atticorum
1826 2250 2092 2299 scriptorum

353 2461 372 2480 a
397 2451 438 2480 H.
462 2452 524 2488 Ap.
553 2452 628 2480 362.
752 2450 780 2482 ,ὂ
806 2451 889 2489 Pag.
918 2450 959 2479 47
984 2458 1036 2487 sq.
1169 2458 1185 2478 c
1215 2450 1244 2478 A
1265 2449 1318 2478 54.
1454 2446 1476 2477 d
1497 2447 1556 2476 Ex.
1581 2455 1651 2484 gr.:
1679 2448 1734 2476 οὐκ
1758 2446 1805 2486 ἄρ’
1829 2447 1951 2479 ἔμελλον
1972 2446 2093 2481 ὀνήσειν

269 2506 292 2532 Ε
315 2504 389 2538 205,
415 2505 479 2532 ἐπεὶ
502 2505 555 2532 οὐκ
580 2503 626 2542 ἄρ’
656 2504 781 2537 ἔμελλον
800 2505 856 2540 ἐγώ
877 2515 908 2540 γε
933 2502 1016 2532 ibid.
1038 2503 1115 2538 686,
1139 2510 1217 2539 pag.
1245 2501 1327 2530 5411.
1353 2500 1427 2536 Qua
1451 2500 1486 2528 in
1511 2508 1547 2529 re
1576 2508 1681 2537 saepe
1706 2499 1867 2537 peccavit
1889 2496 1925 2527 P.
1950 2497 2093 2535 Knight‚

266 2565 378 2594 neque
401 2556 511 2585 multo
537 2556 723 2585 cautiorem
751 2565 787 2585 se
811 2554 987 2594 praestitit
1009 2555 1101 2584 Fick.
1271 2562 1286 2583 e
1311 2554 1344 2582 A
1370 2553 1446 2593 200,
1473 2561 1549 2590 pag.
1575 2552 1616 2581 55
1629 2561 1655 2582 c.
1812 2550 1835 2587 f
1857 2548 1947 2585 „Wir
1970 2549 2092 2579 stehen

265 2610 341 2638 hier
372 2609 483 2638 einem
516 2609 578 2637 mit
608 2616 734 2637 unsern
766 2608 903 2637 Mitteln
935 2608 1032 2637 nicht
1064 2607 1224 2636 losbaren
1248 2605 1432 2636 Probleme
1464 2605 1697 2642 gegeniiber'',
1727 2603 1905 2633 Kirchhoff
1926 2599 2097 2640 Odyssee²

268 2660 343 2690 XII.
557 2670 578 2699 9
604 2661 637 2688 A
666 2661 726 2689 162
753 2660 806 2696 al.‚
831 2661 879 2690 La
905 2658 1019 2689 Roche
1041 2659 1234 2689 Textkritik
1259 2659 1322 2688 423
1342 2665 1430 2695 sqq.,
1453 2658 1497 2688 M.
1518 2657 1675 2686 Schmidt
1697 2656 1821 2686 Philol.
1844 2656 1891 2685 IX
1916 2657 1979 2685 426
2005 2663 2095 2691 sqq.,

268 2713 432 2742 Ludwich
455 2713 556 2742 Arist.
582 2712 596 2741 I
622 2712 665 2741 ad
689 2715 716 2741 A
744 2713 807 2742 329
834 2715 867 2741 Ξ
891 2713 967 2748 171,
989 2712 1023 2741 II
1051 2713 1113 2741 112
1141 2720 1191 2749 sq.
1417 2710 1437 2739 Ιι
1463 2710 1571 2745 „Eine
1591 2709 1758 2744 ionisehe,
1783 2708 1815 2738 d.
1830 2709 1851 2738 i.
1874 2707 2094 2737 homerische

268 2763 648 2802 E=genthfimlichkeit’'
672 2764 835 2794 Ludwieh
860 2765 881 2793 l.
896 2765 917 2793 l.
942 2764 975 2793 II
1003 2765 1077 2799 122,
1099 2765 1152 2793 93.
1290 2763 1302 2793 i
1325 2763 1438 2793 Verba
1460 2760 1568 2800 ἦλθον,
1587 2759 1653 2799 “71²2
1673 2764 1826 2801 ἔγραψαν,
1844 2761 1966 2800 ἔγραφε,
1987 2761 2094 2789 ἔπλεον

267 2828 286 2846 a
306 2817 551 2847 Psammetichi
571 2817 739 2847 militibus
761 2817 918 2846 cruribus
940 2819 1133 2845 statuarum
1154 2816 1323 2854 inscripta
1342 2817 1376 2845 in
1390 2817 1465 2845 vico
1486 2815 1562 2844 Abu
1577 2814 1705 2844 Simbel
1720 2815 1917 2843 etiamnunc
1931 2812 2094 2849 leguntur

268 2869 386 2908 (inser.
411 2870 526 2907 5261),
551 2872 585 2900 et
608 2871 656 2900 eic
680 2878 792 2908 porro.
817 2870 856 2898 In
881 2869 1075 2898 hexametris
1100 2868 1240 2906 quidem
1266 2871 1490 2906 augmentum
1515 2867 1613 2897 deest
1635 2868 1738 2896 inser.
1765 2867 1862 2901 5430,
1885 2865 2094 2900 5558,5731,

268 2922 328 2951 sed
361 2925 395 2951 et
426 2921 461 2951 in
493 2923 569 2952 aliis
596 2923 753 2952 dialectis
785 2922 818 2951 id
850 2922 916 2951 sibi
941 2921 1125 2951 sumebant
1149 2922 1206 2959 qui
1231 2920 1421 2951 dictionem
1446 2921 1580 2959 epicam
1605 2919 1841 2950 imitabantur.
1866 2919 1920 2948 Sic
1944 2918 2096 2946 comicus

269 2976 491 3005 Atheniensis
525 2977 615 3006 hunc
654 2984 789 3005 versum
826 2974 926 3005 finxit
960 2975 1020 3004 Av.
1058 2975 1138 3004 701:
1173 2974 1444 3012 ξυμμιγνυμένων
1475 2973 1506 3003 δ’
1540 2974 1650 3013 ἑτέρων
1682 2973 1799 3011 ἑτέροισ
1824 2969 1931 3008 ’γένετ’
1958 2968 2093 3008 οὐρανὸσ

268 3029 405 3057 ὠκιαινόσ
442 3040 481 3063 ιε,
517 3032 551 3057 et
585 3028 708 3066 tragici
743 3030 866 3066 poetae
899 3028 933 3056 in
969 3027 1093 3065 ῥήσεων
1121 3028 1300 3063 ἀγγελικαῖσ
1324 3028 1548 3057 augmentum
1574 3031 1835 3061 nonnumquam
1859 3021 2095 3059 neglexerunt,

270 3088 348 3118 pag.
375 3080 438 3109 263
452 3079 478 3108 b.
604 3080 625 3119 j
651 3084 684 3110 H
708 3082 781 3110 434.
928 3079 948 3109 k
971 3080 1001 3109 52
1025 3079 1099 3109 789.
1249 3078 1262 3108 l
1283 3080 1364 3117 Pag.
1391 3079 1452 3109 261
1468 3077 1498 3107 la.
1633 3087 1661 3106 m
1687 3074 1918 3106 Meister-hans
1941 3074 2093 3104 Gramm.

271 3132 302 3161 d.
329 3134 389 3161 att.
413 3132 564 3162 Iuschr.²
591 3133 667 3170 135,
691 3132 840 3162 Dindorf
861 3132 903 3161 ad
929 3132 1031 3161 Arist.
1058 3131 1139 3160 Aeh.
1167 3132 1218 3160 10.
