2234 3443
966 166 1224 195 PRAEFATIO.
1948 151 2000 188 37

718 277 805 329 οἷοσ
837 280 887 331 δὴ
919 280 968 319 σὺ
1001 279 1126 329 δέμασ
1155 278 1222 317 καὶ
1252 279 1395 332 ,ρεῖδοσ
1426 276 1588 329 ἀγκτόσ,

539 348 743 388 πέπνυσαί
772 362 810 387 τε
841 348 952 397 νόωι,
983 347 1174 397 μακάρων
1207 342 1243 384 δ’
1281 345 1320 392 ἕξ
1353 343 1435 383 ε’σσι
1467 343 1622 392 τοκήων
1638 353 1670 391 α,

184 416 286 459 hinc
318 419 435 458 enim
467 416 562 456 τοὺσ
594 415 673 454 ἀπὸ
705 420 774 454 τοῦ
807 414 1028 465 περιπάτου
1061 414 1242 453 duxisse
1274 411 1345 463 τὴν
1377 411 1519 461 τριάδα
1545 416 1622 448 τῶν
1648 407 1816 460 ἀγαθῶν
1830 406 1859 456 b,
1894 416 2003 454 quae

183 486 287 534 quid
317 485 401 525 sibi
434 484 540 524 velit
570 483 820 523 observatio
853 484 1033 532 apparet
1065 482 1236 521 collatis
1268 479 1522 520 Aristotelis
1554 478 1621 516 his
1649 476 1816 515 verbis:
1846 487 2009 522 νενεμη-

184 552 317 601 μένων
363 551 414 602 δὴ
459 558 536 590 τῶν
577 550 746 603 ἀγαθῶν
787 556 927 601 τριχῆι,
966 548 1030 587 καὶ
1073 555 1151 587 τῶν
1191 545 1264 598 μὲν
1305 546 1417 586 ἐκτὸσ
1458 543 1696 597 λεγομένων,
1736 548 1813 581 τῶν
1846 539 1888 580 δὲ
1918 538 2008 590 περὶ

185 618 322 671 ψυχὴν
367 617 432 658 καὶ
475 624 602 668 σῶμα,
642 617 688 656 τὰ
733 617 823 668 περὶ
864 615 1000 668 ψυχὴν
1042 615 1264 667 κυριώτατα
1307 613 1472 665 λέγομεν
1512 611 1578 651 καὶ
1621 611 1788 661 μάλιστα
1828 607 2006 660 ἀγαθάθ.

185 688 488 737 Epicureorum
535 696 638 725 vero
686 686 860 734 placitis
907 685 1108 724 addictus
1153 683 1291 723 fuisse
1338 685 1467 732 poeta
1512 679 1735 720 nonnullis
1778 679 1847 716 est
1886 676 2010 714 visus

184 757 360 805 propter
390 754 609 794 Achillem
642 754 747 793 deos
782 763 1013 802 „securum
1046 762 1175 800 agere
1208 751 1398 790 aevum''
1432 750 1500 787 his
1532 747 1678 787 verbis
1711 746 1949 784 dicentem:

540 815 596 859 ὧσ
628 819 701 871 γὰρ
734 819 1006 859 ἐπεκλώσαντο
1038 817 1129 858 θεοὶ
1163 819 1351 871 &fenicem
1383 818 1573 868 βροτοῖσι,

539 884 690 936 ζωέμεν’
727 885 992 937 ἀχνυμένουσ·
1029 885 1143 924 αὐτοὶ
1178 884 1220 924 δέ
1251 881 1277 923 τ’
1313 882 1483 922 ἀκκδέεσ
1514 878 1634 930 εἰσίᾶ,

180 959 226 995 et
256 957 430 1005 propter
461 954 607 994 Ulixis
640 955 693 993 ad
726 954 959 993 Alcinoum
992 954 1099 992 haec
1133 953 1286 992 verba:

542 1021 589 1060 οὐ
622 1021 697 1073 γὰρ
730 1020 804 1073 ἐγώ
836 1020 878 1073 γε’
910 1036 945 1059 τι
977 1019 1082 1071 φημὶ
1113 1019 1223 1059 τέλοσ
1255 1017 1506 1070 χαριέστερον
1539 1012 1640 1055 εἶναι

540 1087 565 1139 ἢ
599 1087 647 1127 ὅτ’
686 1087 922 1139 ε’ϋφροσύνκ
953 1086 1025 1138 μὲν
1057 1087 1141 1138 ἕχηι
1173 1087 1270 1132 κάτα
1303 1087 1433 1136 δῆμον
1466 1084 1636 1132 ἅπαντα,

541 1156 782 1206 δαιτυμόνεσ
814 1153 848 1194 δ’
886 1154 965 1194 ἀνὰ
998 1151 1141 1205 δώματ’
1176 1153 1453 1201 ἀκουάζωνται
1484 1151 1626 1191 ἀοιδοῦ

542 1222 683 1273 ἥμενοι
714 1221 858 1272 ἒξείκσ,
889 1221 999 1273 παρὰ
1031 1219 1074 1261 δὲ
1105 1221 1292 1271 πλήθωσι
1323 1220 1511 1270 τράπεζαι

544 1290 653 1329 σίτου
686 1289 753 1328 καὶ
784 1291 953 1341 κρεάων,
983 1289 1090 1340 μέθυ
1122 1286 1157 1327 δ’
1194 1288 1235 1327 ἐκ
1267 1293 1468 1339 κρητῆροσ
1499 1285 1695 1336 ἀφύσσων

541 1357 760 1410 ροινοχόοσ
790 1356 976 1409 φορέηισι
1008 1356 1074 1395 καὶ
1106 1355 1252 1409 ἔγχείηι
1284 1356 1484 1395 δεπάεσσι.

542 1425 657 1463 τοῦτό
689 1424 726 1462 τί
755 1440 821 1475 μοι
850 1426 1059 1464 κάλλιστον
1092 1423 1150 1462 ἐιὶ
1180 1422 1295 1475 φρεσὶ
1327 1423 1502 1476 μείὸεται
1534 1417 1679 1469 εἶπ’,αιθ

187 1492 345 1541 quibus
388 1492 534 1531 verbis
577 1489 670 1541 ipse
707 1496 835 1542 poeta
865 1492 938 1542 τὴν
970 1490 1126 1542 ἡὸονὴν
1158 1491 1270 1530 τέλοσ
1301 1490 1566 1540 εὐδαιμονιασ
1598 1488 1764 1527 dixisse
1797 1464 2014 1534 perhiberi

186 1562 331 1610 potest
363 1582 416 1588 —
450 1561 488 1599 si
529 1560 651 1600 nulla
682 1561 867 1600 habetur
897 1561 1009 1600 ratio
1041 1560 1124 1599 loci
1151 1569 1420 1608 personaeve
1453 1557 1675 1605 loquentis
1706 1557 1750 1593 et
1781 1551 1914 1603 χαρίεν
1946 1547 2013 1587 καὶ

185 1627 309 1667 καλόν
349 1628 465 1667 idem
507 1628 621 1676 quod
664 1627 824 1679 ἀγαθόν
858 1628 1003 1667 valere
1039 1628 1221 1666 videtur.
1263 1627 1407 1665 Etiam
1442 1624 1602 1664 Stoicus
1638 1631 1768 1670 saepe
1800 1613 2010 1664 audivitf,

186 1697 230 1735 et
270 1695 460 1734 naturali
493 1695 794 1744 philosophiae
830 1706 930 1735 eum
968 1695 1135 1743 aliquot
1176 1696 1278 1733 ante
1326 1693 1553 1732 Thaletem
1601 1688 1790 1730 saeculis
1836 1693 2013 1734 operam

186 1763 358 1802 dedisse
389 1763 508 1802 fuere
541 1764 613 1811 qui
641 1763 965 1812 perhiberente.
994 1762 1054 1801 De
1082 1762 1238 1810 quibus
1256 1762 1546 1810 interpretum
1567 1755 1833 1798 commentis
1849 1752 2015 1802 optimo

185 1832 280 1873 iure
321 1833 433 1871 hanc
474 1832 741 1871 sententiam
777 1831 883 1870 tulit
922 1831 1111 1870 Seneca:
1151 1830 1307 1879 „modo
1342 1828 1526 1868 Stoicum
1558 1827 1801 1865 Homerum
1833 1819 2012 1866 faciunt,

192 1900 430 1948 „virtutem
481 1899 620 1938 solam
668 1899 927 1947 probantem
971 1900 1014 1937 et
1053 1897 1304 1946 voluptates
1345 1896 1635 1944 refugientem
1669 1894 1713 1931 et
1743 1890 1795 1928 ab
1828 1887 2014 1926 honesto

190 1976 270 2015 „ne
326 1967 678 2006 immortalitatis
733 1967 909 2014 quidem
954 1966 1092 2014 pretio
1140 1964 1431 2012 recedentem,
1470 1983 1526 1989 -
1566 1959 1695 1999 modo
1746 1956 2011 2004 Epicureum,

192 2033 474 2082 „laudantem
534 2036 702 2073 statum
737 2035 924 2082 quietaev
943 2033 1135 2072 civitatis
1168 2034 1211 2071 et
1242 2032 1356 2070 inter
1387 2029 1588 2070 convivia
1619 2027 1862 2072 cantusque
1878 2021 2017 2060 vitam

191 2101 449 2151 „exigentis,
483 2122 535 2127 —
565 2101 694 2140 modo
726 2098 1064 2150 Peripateticum,
1097 2101 1308 2139 bonorum
1341 2100 1426 2139 tria
1456 2105 1616 2146 genera
1645 2092 1940 2136 inducentem,
1960 2108 2013 2114 —

193 2169 348 2217 „modo
385 2168 699 2218 Academicum,
732 2170 900 2209 incerta
931 2169 1082 2208 omnia
1111 2168 1343 2206 dicentem.
1377 2166 1571 2215 Apparet
1593 2161 1704 2202 nihil
1730 2160 1891 2198 horum
1919 2164 2016 2194 esse

194 2236 264 2285 „in
297 2246 360 2286 eo,
395 2238 463 2276 cui
495 2237 644 2277 omnia
675 2235 850 2276 insunt:
885 2237 971 2275 ista
1003 2236 1120 2275 enim
1153 2236 1269 2274 inter
1300 2245 1347 2273 se
1380 2227 1674 2272 dissident’''⁴.

307 2371 437 2411 Tanti
467 2374 616 2412 autem
649 2383 760 2420 quae
791 2374 906 2411 inter
938 2372 1126 2411 Graecos
1148 2370 1420 2410 habebantur
1446 2368 1655 2415 carmina,
1684 2373 1836 2404 eorum
1854 2357 2018 2407 singuli

190 2448 358 2488 versus,
398 2440 536 2479 immo
577 2440 752 2488 singula
794 2441 928 2479 verba
969 2439 1111 2487 magis
1142 2439 1370 2487 magisque
1402 2437 1535 2485 digna
1566 2435 1672 2474 sunt
1700 2432 1797 2470 visa
1829 2429 1873 2467 in
1905 2435 2016 2474 quae

191 2506 295 2545 data
339 2517 470 2557 opera
509 2509 814 2556 inquireretur.
858 2509 976 2547 Inter
1016 2507 1172 2556 pocula
1211 2506 1281 2545 vel
1323 2506 1437 2544 inter
1479 2499 1853 2543 deambulandum
1885 2501 2016 2540 saepe

189 2575 541 2622 proponebantur
582 2575 943 2624 quaestiunculae
983 2575 1036 2614 ad
1076 2574 1258 2613 Homeri
1292 2571 1702 2621 interpretationem
1734 2563 2017 2616 pertinenteS‚

187 2643 434 2682 sententiae
470 2643 637 2693 „lepide
669 2644 897 2693 obscurae,
926 2653 1011 2682 non
1040 2642 1213 2691 anxie”‚
1237 2662 1286 2668 —
1308 2642 1357 2680 ut
1389 2639 1516 2679 Gellii
1543 2637 1690 2677 verbis
1715 2637 1895 2675 utamur
1907 2626 1932 2679 2',
1959 2649 2013 2656 —

192 2708 352 2757 aliique
391 2709 482 2749 ludi
521 2711 728 2750 litterarii
770 2711 1023 2759 agebantur,
1065 2710 1109 2748 in
1141 2708 1300 2757 quibus
1333 2706 1547 2747 excellere
1580 2714 1666 2744 non
1698 2700 1901 2752 poterant
1932 2695 2019 2736 nisi

282 2923 302 2942 a
326 2913 357 2943 Ω
381 2914 445 2944 376
471 2922 523 2953 sq.
681 2914 697 2945 b
723 2915 839 2945 Sehol.
996 2922 1011 2943 c
1036 2913 1177 2944 Aristot.
1209 2913 1288 2943 Eth.
1321 2913 1338 2942 I
1363 2913 1393 2948 8,
1426 2911 1537 2942 Zeller
1568 2910 1656 2940 Phil.
1682 2909 1714 2939 d.
1739 2909 1797 2939 Gr.
1822 2908 1858 2938 II
1881 2903 1916 2937 2³
1941 2906 2017 2936 621.

327 2964 350 2995 d
371 2966 403 2995 Ω
426 2967 490 2996 525
515 2975 566 3004 sq.
723 2975 740 2996 e
763 2980 772 2997 ι
797 2967 815 2996 5
841 2975 916 3004 sqq.
941 2982 981 2987 —
1006 2966 1142 3002 Quanto
1173 2966 1304 2995 rectius
1333 2964 1534 2994 iudicarunt
1565 2962 1624 3000 qui
1646 2966 1791 3002 χρυσοῦσ
1816 2960 1933 2990 dixere
1957 2958 2020 2987 hos

195 3026 314 3048 versus
337 3018 442 3056 (Gert.
466 3019 566 3049 Hom.
591 3021 626 3049 et
647 3019 758 3057 Hes.)!
895 3018 917 3055 f
937 3018 1050 3048 Schol.
1071 3020 1105 3048 A
1125 3018 1189 3049 405
1211 3018 1265 3055 all,
1285 3026 1363 3056 pag.
1385 3018 1426 3046 36
1441 3025 1466 3046 c.
1595 3025 1617 3054 q
1638 3015 1785 3052 Propter
1805 3014 1839 3042 A
1865 3013 1927 3042 399
1943 3019 2018 3048 sqq.

193 3073 228 3100 et
257 3073 292 3102 Ξ
314 3072 391 3108 246,
421 3072 557 3102 Heracl.
589 3071 700 3110 Alleg.
732 3073 832 3102 Hom.
865 3072 919 3111 22,
951 3070 1042 3101 Plut.
1072 3072 1133 3102 vit.
1162 3072 1267 3101 Hom.
1295 3071 1336 3101 92
1362 3078 1438 3108 sqq.
1617 3067 1636 3097 Ιι
1669 3068 1788 3097 Senec.
1821 3062 1933 3103 Epist.
1965 3062 2016 3092 88·

330 3123 342 3153 i
366 3124 455 3154 Gell.
479 3124 593 3154 XVIII
619 3125 649 3154 2.
