2234 3443
216 166 271 203 60
747 174 801 201 DE
834 174 1072 203 vocitemus
1104 176 1154 202 ET
1187 175 1499 204 DIPHTHONGIS.
1935 168 1973 212 [ἓ
2007 166 2031 204 6

217 281 454 324 Ποσειὸἅων
509 287 604 326 sive
659 287 853 326 -ὃάωυα2
896 289 948 327 Et
994 290 1137 337 gentis
1184 299 1345 329 nomen
1387 284 1552 339 'Iciovsffi
1595 290 1707 338 quod
1749 299 1803 327 ex
1847 289 2032 327 Aeolum

216 354 335 401 poesi
360 355 537 392 vetusta
562 354 607 392 in
633 355 760 395 textu
787 355 1019 395 Homerico
1045 356 1315 395 remansisse
1341 356 1502 395 dicitur
1515 353 1543 405 b,
1563 357 1636 395 ubi
1653 356 1764 405 apud
1782 356 2025 395 Homerum

212 420 401 468 legitur?
428 420 525 459 Uno
547 421 590 459 in
620 432 750 460 versu
777 424 976 471 corrupto
1004 424 1079 461 aut
1105 424 1283 470 recenti,
1313 423 1386 461 ubi
1407 417 1559 461 Ἰἂονεσ
1576 425 1670 462 sive
1689 423 1958 462 Athenienses
1983 443 2035 450 —

214 497 318 525 nam
365 488 416 526 de
458 488 526 526 his
566 488 657 527 illic
698 499 843 527 sermo
886 489 935 528 fit
979 512 1030 518 —
1078 492 1288 528 vocantur
1330 488 1577 539 ἑλκεχίτωιέσ
1618 491 1808 538 epitheto
1846 492 1947 539 apto
1979 489 2033 528 ad

215 554 510 602 depingendos
542 556 659 594 viros
690 557 779 594 otio
811 556 966 595 feriato
997 557 1210 605 fruentes,
1243 567 1268 595 a
1300 557 1514 596 militibus
1536 568 1638 596 vero
1657 559 1807 596 hostes
1825 557 2033 606 repellen-

215 621 332 659 tibus
364 622 505 660 alieno
519 628 546 662 0.
580 623 770 661 Indicari
800 625 947 662 autem
981 626 1128 672 potest
1158 624 1279 663 locus
1311 624 1472 663 melius
1503 625 1558 663 iis
1590 625 1879 663 conveniens:

571 687 669 727 ἀλλὰ
701 689 749 728 σὺ
779 691 928 740 Atiam,
963 692 1101 740 Φοῖβε,
1132 687 1279 740 μάλιστ’
1316 690 1541 742 ἐπιτέρπεαι
1574 686 1681 741 ἦτορ·

571 755 674 794 ἔνθα
705 772 764 795 τοι
795 755 1045 808 ἕλκεχίτωνεσ
1070 755 1223 797 Ἰάονεσ
1256 755 1517 809 ἠγερέθονται

570 822 687 862 αὐτοὶ
718 824 793 862 σὺν
823 824 1008 864 παίδεσσι
1040 824 1106 863 καὶ
1138 822 1324 864 αἶὸοίκισ’
1358 824 1549 876 ἀλόχοισι,

216 890 259 926 et
304 899 414 936 quae
459 891 585 939 plura
632 892 683 930 de
725 892 839 930 ludis
870 893 1007 932 Deliis
1038 893 1243 941 leguntur
1277 916 1329 922 —
1362 894 1578 933 ubinam?
1609 895 1657 932 In
1690 895 1855 942 hymno
1888 893 1962 941 qui
1994 892 2037 930 in

216 956 426 995 honorem
472 958 687 1006 Apollinis
734 957 884 1008 Deliid,
933 961 1128 999 numinis
1174 959 1319 1009 lomet,
1369 962 1639 1009 compositus
1687 971 1783 1000 esse
1830 961 1970 999 fertur
2011 969 2035 997 a

214 1022 439 1071 Cynaetno
469 1026 559 1075 illo,
593 1036 723 1074 quem
757 1028 956 1066 carmina
987 1028 1221 1067 Homerica
1252 1038 1305 1067 ex
1337 1029 1528 1068 Aeolicis
1559 1029 1706 1067 Ionica
1731 1028 1888 1067 fecisse
1917 1028 2037 1066 autu·

216 1091 365 1130 mabat
406 1093 524 1132 Fick.
551 1092 635 1132 Cur
675 1095 810 1143 igitur
841 1096 1018 1134 Ionicus
1050 1096 1120 1134 hic
1150 1098 1280 1144 poeta
1312 1107 1398 1135 non
1423 1094 1568 1133 Ἴωνασ
1601 1097 1720 1135 cives
1752 1106 1855 1134 suos
1887 1094 2029 1143 appel-

213 1157 338 1207 lavit,
386 1160 423 1197 si
468 1161 531 1199 ita
572 1163 678 1200 tunc
725 1162 960 1202 audiebant
1002 1165 1045 1201 et
1085 1163 1189 1202 olim
1232 1163 1522 1202 audiverant?
1559 1164 1701 1202 Immo
1731 1173 1884 1202 versus
1917 1161 2040 1201 allati

213 1227 436 1266 testantur
477 1230 650 1276 gentem
693 1229 887 1268 Ionicam
930 1230 1161 1278 aliquando
1204 1231 1323 1279 ipsos
1365 1241 1411 1269 se
1447 1225 1595 1269 Ιάονασ
1631 1236 1854 1279 vocassee‚
1886 1231 2040 1278 postea

217 1292 394 1331 demum
417 1292 563 1332 Ἴωνασ
595 1306 693 1334 esse
724 1297 979 1345 appellatos.

335 1361 446 1409 Ergo
487 1364 786 1402 inconstantia
828 1374 892 1413 ea,
935 1375 1020 1412 qua
1060 1365 1103 1403 in
1136 1367 1259 1404 textu
1289 1366 1533 1404 carminum
1565 1366 1787 1414 epicorum
1821 1364 2043 1403 alternant

216 1428 312 1465 soni
353 1438 377 1465 ᾶ
418 1431 461 1467 et
504 1445 540 1478 u,
585 1440 671 1469 non
712 1432 811 1470 inde
844 1433 912 1470 est
943 1433 1180 1480 repetenda
1211 1434 1322 1480 quod
1354 1433 1484 1481 prisci
1515 1435 1641 1471 vates
1673 1433 1847 1471 Aeolice
1878 1431 2041 1470 fuerint

214 1494 361 1544 locuti,
394 1497 658 1536 recentiores
695 1508 797 1537 vero
829 1499 963 1547 aliqui
995 1500 1298 1539 diasceuastae
1316 1510 1464 1539 eorum
1493 1500 1625 1539 verba
1651 1500 1796 1539 Ionice
1824 1500 2041 1545 utcunque

216 1563 448 1610 verterint;
494 1575 597 1603 vera
638 1567 787 1604 autem
830 1575 963 1605 causa
1002 1577 1088 1605 non
1130 1567 1251 1606 latet.
1294 1566 1403 1606 Cum
1430 1567 1613 1606 Homeri
1645 1567 1842 1606 carmina
1872 1566 2034 1603 litteris

216 1629 310 1667 sive
342 1630 394 1667 ab
425 1631 518 1678 ipso
550 1634 678 1680 poeta
710 1643 802 1672 srve
835 1643 859 1671 a
886 1633 1074 1682 posteris
1105 1634 1295 1682 primum
1329 1636 1432 1673 sunt
1463 1631 1716 1683 mandatas,
1751 1635 1874 1682 signo
1908 1627 1941 1669 Ε
1970 1629 2040 1682 (Η)

217 1696 490 1736 indicabatur
537 1709 672 1737 sonus
713 1701 752 1749 h,
795 1701 1017 1749 proprium
1061 1703 1211 1740 autem
1251 1702 1427 1749 signum
1479 1712 1563 1740 non
1622 1704 1717 1740 erat
1773 1711 1879 1740 sono
1926 1701 2039 1738 inter

218 1767 242 1798 ᾶ
275 1766 318 1802 et
348 1767 368 1801 ἑ
391 1766 577 1814 medior,
613 1777 638 1805 a
669 1777 752 1815 quo
784 1778 945 1807 nomen
978 1769 1227 1807 habuerunt
1258 1768 1301 1806 αἱ
1329 1768 1507 1818 pandera
1535 1765 1644 1819 αἶγεσ
1673 1770 1767 1808 sive
1794 1765 2039 1807 mechernde

218 1825 402 1879 Zieyenk
432 1835 476 1871 et
506 1835 619 1882 apud
646 1834 869 1873 Romanos
892 1846 997 1874 oves
1030 1833 1228 1884 balantes,
1257 1846 1367 1884 quae
1395 1836 1559 1875 Gallice
1585 1835 1689 1875 beler
1710 1839 1797 1875 iam
1823 1837 2039 1883 dicuntur,

219 1897 380 1937 Graece
411 1900 463 1950 βῆ
488 1899 615 1951 λέγειν
647 1902 753 1940 olim
785 1905 890 1941 sunt
927 1899 1108 1942 dictaei.
1143 1904 1225 1942 Sed
1257 1904 1433 1942 saeculo
1465 1904 1565 1942 VIIO
1590 1905 1718 1943 Ione-s
1745 1904 1859 1942 hunc
1875 1911 2033 1941 sonum

214 1966 406 2005 indicare
448 1971 682 2017 coeperunt
721 1970 864 2018 prisco
907 1971 1033 2018 signo
1073 1972 1171 2010 soni
1211 1972 1250 2020 h,
1288 1972 1360 2018 qui
1402 1972 1443 2010 in
1475 1972 1650 2010 illorum
1683 1972 1869 2011 dialecto
1903 1968 2042 2009 audiri

216 2033 419 2083 desierat,
459 2036 587 2083 signo
629 2037 665 2072 E
707 2038 771 2075 uti
811 2040 1043 2086 pergentes
1085 2039 1138 2076 ad
1185 2039 1452 2077 reddendum
1500 2049 1656 2078 sonum
1699 2051 1719 2077 e
1759 2039 1853 2078 sive
1886 2041 2043 2077 natura

215 2101 408 2150 longum,
455 2104 548 2141 sive
597 2103 786 2153 brevem,
829 2106 925 2144 sive
965 2106 1247 2154 productione
1287 2106 1554 2156 suppletoria
1591 2103 1864 2145 extensumj.
1903 2104 2044 2144 Colore

215 2169 362 2218 igitur,
409 2180 494 2209 non
540 2181 754 2221 mensura,
795 2173 909 2211 inter
950 2183 997 2212 se
1039 2174 1298 2213 differebant
1338 2184 1474 2213 sonus
1514 2176 1552 2213 is
1591 2175 1664 2222 qui
1704 2174 1829 2222 signo
1862 2175 1899 2211 E
1930 2176 1974 2212 et
2004 2174 2042 2212 is

218 2238 290 2283 qui
332 2237 456 2285 signo
498 2233 531 2275 H
575 2236 646 2284 (H)
686 2240 774 2279 iam
816 2241 1104 2281 indicabatur.
1146 2243 1224 2281 Ex.
1267 2253 1331 2290 gr.
1371 2243 1415 2280 in
1452 2253 1540 2281 una
1582 2243 1821 2290 eademque
1863 2241 2040 2289 inscrip-

218 2305 335 2343 tione
390 2305 615 2353 leguntur:
664 2322 736 2345 τκν
787 2311 945 2357 κλινκν,
991 2324 1138 2359 οικικν,
1183 2313 1387 2359 nocentem),
1433 2324 1595 2359 μητερα,
1641 2310 1784 2359 ὃκμωι,
1830 2312 2041 2357 multumt,

307 2455 326 2474 a
350 2445 534 2483 Antiquior
570 2445 636 2476 suit
666 2448 814 2478 nominis
845 2448 955 2478 forma
986 2449 1021 2478 in
1051 2452 1104 2478 -ῡῖν
1136 2446 1313 2483 desinens,
1344 2451 1384 2478 ut
1415 2444 1509 2478 Τιτάν
1533 2449 1648 2487 (Hom.
1677 2445 1833 2484 Τιτῆνεσ),
1857 2448 1891 2476 et
1915 2445 2039 2475 suffixo

214 2498 315 2534 -(c)a›=r
358 2497 524 2538 (Κρονίων,
566 2501 726 2539 οὐρανίων,
768 2501 905 2540 κερδίων,
947 2500 1000 2535 al„
1036 2499 1140 2541 585)
1175 2501 1327 2531 nondum
1371 2503 1490 2536 aucta3
1535 2510 1553 2530 a
1597 2508 1664 2538 qua
1702 2499 1844 2529 ductum
1883 2501 1935 2529 est
1973 2497 2041 2534 adi,

219 2551 403 2589 Ποσιδήϊοσ,
428 2550 443 2590 ξ
471 2553 522 2580 18.
657 2551 672 2581 b
698 2553 779 2582 Fick
799 2553 921 2590 Odyss.
943 2554 995 2584 17.
1130 2563 1146 2584 c
1171 2557 1203 2583 N
1221 2554 1297 2590 685,
1316 2554 1443 2592 Helbig
1463 2551 1567 2592 Epos¹
1586 2553 1648 2583 115
1663 2561 1739 2590 sqq.
1875 2550 1900 2581 d
1920 2551 1962 2582 Η.
1976 2551 2040 2589 Ap.

219 2605 281 2633 146
312 2612 407 2641 eqq.;
432 2603 468 2632 in
499 2603 570 2633 Asii
601 2605 759 2635 versibus
789 2607 920 2636 mutilis
952 2606 1076 2636 Athen.
1108 2606 1209 2643 525f
1234 2605 1448 2636 describitur
1479 2615 1607 2645 pompa
1639 2605 1681 2635 ab
1713 2604 1854 2635 Ionibus
1885 2604 1978 2634 Sami
2001 2601 2036 2633 in

216 2657 380 2686 honorem
415 2656 557 2687 Iunonis
590 2657 774 2688 celebrata.
931 2668 948 2688 e
969 2659 1101 2689 Nomen
1127 2655 1254 2689 Ἰάονεσ
1283 2658 1405 2697 (Ic-avan
1437 2660 1559 2690 Genes.
1593 2660 1632 2688 10
1665 2658 1682 2695 ἓ
1714 2658 1748 2694 3,
1781 2656 1894 2687 Yauna
1927 2656 2041 2694 Pers.)

218 2708 322 2739 etiam
347 2710 379 2738 h.
404 2709 468 2748 Ap.
496 2710 558 2739 152
581 2710 718 2747 legitur,
743 2713 777 2740 et
800 2711 904 2741 Solon
929 2712 1035 2750 (apud
1060 2712 1202 2742 Aristot.
1226 2710 1312 2750 Rep.
1336 2712 1414 2742 Ath.
1440 2713 1471 2749 5)
1492 2712 1641 2741 Atticam
1661 2709 1798 2741 vocavit
1819 2712 2040 2749 πρεσβυτάτην

216 2768 307 2798 γαῖαν
326 2764 480 2792 Ἰαονίασ.
503 2761 621 2792 Persis
644 2765 771 2799 autem,
796 2762 924 2801 quibus
949 2765 1102 2794 comicus
1128 2762 1253 2794 tribuit
1277 2773 1382 2794 voces
1402 2764 1500 2799 Ἰᾶοιι,
1524 2760 1664 2798 Ἰς-ἱονασ,
1688 2764 1744 2793 Ar.
1767 2762 1849 2792 Ach.
1873 2762 2040 2798 104,107,

217 2814 386 2843 undenam
407 2814 493 2844 haec
514 2815 580 2844 suit
601 2816 748 2845 nominis
772 2816 881 2845 forma
906 2816 971 2845 nisi
992 2825 1032 2846 ex
1047 2817 1158 2854 ipsius
1168 2815 1287 2854 gentis
1300 2817 1380 2847 ore?
1506 2816 1538 2857 f
1557 2815 1638 2854 Pag.
1654 2816 1795 2846 10-13.
1925 2825 1947 2853 y
1972 2811 2039 2854 Qui

214 2867 361 2896 Iliadem
405 2870 439 2897 et
478 2866 666 2904 odysseam
706 2867 878 2898 Piscem-ccli
918 2869 1013 2898 iussu
1056 2870 1207 2907 primum
1251 2869 1444 2908 descriptas
1478 2878 1553 2899 esse
1592 2868 1854 2907 perhibuerunt,
1878 2876 1957 2906 pag.
1984 2869 2035 2903 14,

217 2920 401 2949 sumebant
431 2921 582 2950 carmina
617 2919 716 2958 epica
745 2919 873 2950 litteris
899 2922 971 2960 post
995 2930 1070 2951 esse
1093 2922 1256 2952 mandata
1282 2930 1385 2960 quam
1407 2923 1509 2952 Iones
1532 2920 1631 2960 signo
1657 2917 1684 2953 H
1710 2920 1864 2950 vocalem
1891 2919 2035 2949 reddere

217 2974 420 3009 coeperunt5
450 2970 564 3002 Attica
594 2973 791 3003 litteratura
822 2974 871 3002 sic
903 2974 1053 3011 primum
1085 2974 1236 3004 fuissent
1267 2973 1475 3013 descriptae,
1504 2974 1537 3003 in
1562 2982 1630 3012 qua
1652 2973 1789 3011 signum
1816 2975 1849 3001 H
1870 2979 1992 3002 sonum
2018 2971 2038 3000 Ιι

216 3024 444 3061 significabat,
475 3033 552 3063 pag.
587 3025 637 3055 17.
794 3024 814 3054 Ιι
846 3025 915 3055 Has
945 3022 1093 3063 μάκαδασ
1123 3024 1188 3066 (sic
1219 3025 1300 3057 Fick
1327 3030 1360 3057 Ψ
1377 3024 1434 3068 31)
1455 3036 1474 3056 a
1491 3027 1586 3057 vocis
1605 3034 1688 3055 sono
1707 3033 1859 3063 unquam
1881 3024 2037 3062 potuisse

217 3077 285 3107 dici
303 3075 401 3115 ipsae
421 3075 522 3107 claris
541 3077 749 3108 clamoribus
761 3086 888 3115 negare
901 3077 1072 3108 videntur.
1208 3078 1221 3109 i
1244 3077 1371 3109 Cratin.
1395 3080 1436 3108 fr.
1462 3081 1514 3116 43,
1538 3078 1710 3116 Aristoph.
1727 3079 1802 3107 642.
1928 3076 1949 3114 ,φ’
1973 3077 2037 3113 Qui

213 3138 318 3160 sonus
343 3128 376 3159 in
401 3130 596 3159 litteratura
621 3132 812 3161 recentiore
838 3131 945 3169 signis
971 3144 994 3161 ει
1019 3134 1072 3161 est
1095 3132 1282 3163 indicatus.
