2234 3443
921 188 1175 216 PRAEFATIO
1904 180 1924 217 1
1933 183 1958 218 5

135 301 348 350 temporis
388 300 524 351 fieret,
569 301 774 350 quoniam
809 300 936 339 aliter
968 301 1112 340 caveri
1143 310 1230 339 non
1262 301 1404 349 potuit
1435 302 1669 348 quominus
1701 302 1964 349 migraretur

137 367 309 408 Solonis
339 377 390 407 ea
420 368 505 418 lex,
534 378 644 416 quae
671 370 903 407 contextum
931 368 1176 407 carminum
1206 369 1483 406 vetustorum
1507 368 1777 416 arhapsodis
1792 369 1963 417 neglegi

138 435 329 474 vetabat.

259 497 429 541 Certum
473 503 606 551 igitur
652 503 854 542 ducimus
901 502 979 541 VI0
1022 502 1199 541 saeculo
1245 502 1432 541 Athenis
1478 502 1522 540 in
1569 502 1750 540 deorum
1792 502 1959 541 cultum

134 569 355 618 publicum
387 572 563 619 recepta
587 580 685 609 esse
707 570 950 609 certamina
966 572 1209 618 cantorum,
1228 569 1409 608 Iliadem
1429 571 1472 608 et
1489 568 1750 620 Odysseam,
1768 570 1963 609 carmina

135 637 180 675 in
222 638 371 677 Attica
401 637 563 676 dudum
597 638 770 685 cognita
802 647 941 684 neque
970 636 1074 674 alibi
1104 636 1270 685 ignota,
1309 636 1677 683 declamantium;
1710 640 1814 676 tunc
1845 638 1961 676 enim

135 703 262 753 νόμον
317 703 456 742 ἔθεντο
503 705 811 752 Athenienses,
858 700 952 741 καθ’
1006 702 1176 752 ἑκάστην
1223 703 1482 753 πεντετηρίδα
1528 709 1606 741 τῶν
1654 705 1962 754 Παναθηναίων

135 769 263 821 μόνου
287 767 466 820 Ὁμήρου
497 777 575 809 τῶν
607 770 737 809 ἄλλων
769 776 944 821 ποιητῶν
975 770 1275 821 ρἀψωιδεῐσθαι
1305 768 1350 808 τὰ
1383 769 1471 820 ἔπη,
1498 773 1545 809 ut
1574 771 1799 820 Lycurgus
1816 774 1966 811 orator

134 838 302 878 duobus
342 839 532 878 saeculis
572 841 668 888 post
710 841 778 878 est
815 839 1029 878 locutusa.
1072 838 1239 877 Videtur
1275 840 1422 877 autem
1456 839 1681 887 exemplar
1713 840 1959 878 carminum

135 906 356 955 epicorum
403 910 555 946 sumtu
600 907 772 955 publico
813 909 917 945 tunc
959 916 1056 945 esse
1098 908 1317 954 paratum,
1362 905 1616 944 curantibus
1658 905 1824 954 aliquot
1855 906 1962 944 viris

137 1029 278 1068 ,ἀνδρῶν
312 1030 360 1058 ὃπὶ
396 1032 629 1071 Πεισιστράτου
659 1029 841 1059 συνθέντων
870 1028 924 1058 τὸν
944 1029 1087 1069 Ὅμηρον,
1120 1029 1234 1058 οῗτινὲσ
1261 1030 1338 1058 εἰσιν
1362 1026 1456 1058 οὗτοι·
1475 1029 1716 1066 Ἐπικόγκυλοσ,
1735 1029 1959 1068 Ὀνομάκριτοσ

135 1083 338 1119 ,Ἀθηναῖοι
358 1085 517 1123 Ζώπυροσ
535 1082 757 1123 Ἡρακλεώτησ
777 1083 828 1111 καὶ
844 1082 974 1121 Ὀρφεὺσ
997 1079 1253 1121 Κροιωνιάτησ”.
1276 1081 1405 1111 Eadem
1431 1082 1596 1120 leguntur
1615 1082 1649 1111 in
1667 1083 1831 1119 excerpto
1850 1082 1960 1111 latino

135 1141 178 1163 ex
211 1133 266 1163 his
295 1131 562 1172 fflolegomenis,
593 1134 686 1173 quod
719 1143 737 1164 a
767 1134 918 1171 Georgio
943 1134 1040 1163 Valla
1067 1134 1211 1163 allatum
1237 1133 1279 1163 de
1303 1133 1505 1172 expetendis
1531 1137 1564 1163 et
1588 1134 1763 1171 fugiendis
1787 1133 1891 1163 rebus
1916 1135 1958 1164 38

135 1185 152 1222 ξ
179 1186 210 1222 2,
244 1185 325 1216 dein
359 1187 403 1217 ab
433 1187 571 1217 Osanno
601 1187 715 1217 denuo
746 1190 922 1225 repertum
956 1189 991 1216 et
1021 1195 1111 1216 anno
1144 1188 1230 1216 1828
1255 1187 1382 1225 partim
1414 1187 1560 1226 editum,
1581 1188 1691 1216 totum
1717 1194 1805 1215 anno
1830 1187 1914 1216 1837
1940 1195 1959 1216 a

133 1238 322 1270 Bitschelio
350 1239 445 1269 Alex.
480 1239 646 1270 Biblioth.
671 1242 689 1270 4
727 1240 868 1278 (melius
903 1239 1122 1269 Studemund
1158 1237 1282 1269 Philol.
1322 1241 1420 1275 1888,
1455 1240 1511 1275 17)
1548 1241 1602 1269 est
1633 1239 1858 1277 descriptum,
1890 1248 1958 1276 quo

133 1293 290 1330 tempore
323 1292 399 1331 ipsa
434 1293 582 1322 Tzstzae
613 1293 718 1322 verba
754 1293 905 1322 nondum
942 1294 1180 1322 innotuerant:
1228 1293 1452 1328 „Pisistratus
1486 1300 1643 1330 sparsam
1688 1292 1785 1330 prius
1819 1292 1962 1321 Homeri

134 1345 289 1382 ‚poesim
304 1367 311 1374 .
326 1366 355 1375 ..
378 1345 413 1374 in
437 1355 477 1374 ea
501 1354 588 1383 quae
613 1354 704 1375 nunc
729 1347 846 1374 extant
869 1344 1004 1382 redegit
1027 1345 1214 1381 volumina,
1238 1353 1321 1374 usus
1346 1344 1388 1374 ad
1411 1345 1477 1374 hoc
1501 1353 1589 1382 opus
1613 1344 1766 1373 divinum
1787 1343 1958 1374 industris

137 1399 307 1434 ,quatuor
347 1397 654 1427 celeberrimorum
698 1400 732 1427 et
769 1396 1085 1427 eruditissimorum
1127 1397 1319 1433 hominum,
1354 1396 1516 1427 videlicet
1557 1395 1710 1434 Concyli‚
1744 1395 1959 1427 Onomacriti

137 1449 389 1485 „Atheniensis,
425 1450 551 1488 Zopyri
581 1451 807 1480 Heracleotae
841 1452 874 1479 et
904 1449 1033 1488 Orphei
1065 1449 1308 1484 Crotoniatae;
1331 1458 1408 1479 nam
1439 1451 1587 1488 carptim
1611 1449 1709 1488 prius
1733 1450 1906 1479 Homerus
1932 1452 1966 1479 et

137 1510 225 1538 „non
248 1500 315 1532 nisi
339 1501 546 1532 difficillime
570 1501 785 1541 legebatur¹'.
812 1502 968 1540 Scriptor
991 1505 1107 1532 autem
1133 1510 1326 1539 anonymus
1347 1503 1380 1531 in
1401 1502 1692 1532 commentatione
1718 1502 1758 1531 de
1782 1501 1968 1533 Comoedia

134 1555 283 1593 (primus
314 1554 366 1584 ed.
398 1553 538 1585 Cramer
572 1557 670 1590 1839,
701 1555 827 1584 mel-ns
858 1554 1075 1584 Studemund
1107 1553 1233 1583 Philol.
1261 1556 1358 1594 1888,
1384 1556 1398 1584 1
1425 1553 1528 1595 sqq.),
1554 1556 1656 1585 etiam
1683 1554 1861 1585 Heliodori
1884 1556 1962 1586 illas

134 1606 286 1645 ineptias
316 1610 495 1646 repetens:
529 1608 609 1643 „u'm
635 1608 804 1648 Ὁμηρικὰσ
829 1605 992 1648 (βίβλουσ)
1016 1608 1232 1646 ἑβδομήκοντα
1260 1608 1315 1637 δύο
1344 1608 1553 1646 γραμματικοὶ
1578 1609 1627 1637 ἐπὶ
1654 1610 1884 1647 Πεισιστράτου
1907 1612 1964 1637 τοῦ

135 1662 333 1698 ,Ἀθηναίων
359 1663 513 1700 τυράννου
536 1661 689 1699 διέθηκαν
714 1662 836 1695 οὑτωσί,
858 1661 1021 1700 σποράδην
1047 1659 1148 1690 οὔσασ
1172 1660 1206 1689 τὸ
1231 1664 1314 1700 πρὶν*
1340 1663 1555 1700 ἐπεκρίθησαν
1579 1661 1613 1690 dl
1636 1661 1702 1690 κατ’
1726 1660 1822 1690 αὐτὸν
1846 1662 1961 1690 ἐκεῖνον

136 1713 210 1749 ,τὸν
235 1713 343 1753 καιρὸν
370 1713 421 1743 ὑπ’
444 1716 654 1753 Ἀριστάρχου
674 1714 724 1743 καὶ
749 1713 939 1751 Ζηνοδότου,
959 1713 1058 1742 ἄλλων
1079 1713 1175 1742 ὄντων
1196 1717 1311 1742 τούτων
1332 1718 1391 1742 τῶν
1412 1714 1461 1743 ἐπὶ
1487 1716 1686 1747 Πτολεμαίου
1710 1713 1962 1753 διορθωσάντων.

135 1769 186 1803 ,οἱ
213 1766 247 1795 di
276 1766 420 1806 τέτταρσί
448 1777 510 1796 τισι
542 1766 596 1804 τὴν
627 1768 675 1796 ἐπὶ
708 1769 938 1806 Πεισιστράτου
969 1766 1143 1805 διόρθωσιν
1173 1767 1393 1805 ἀναφέρουσιν,
1419 1766 1521 1805 Ὀρφεῖ
1546 1768 1772 1806 Κροτωνιάτηι,
1802 1769 1958 1806 Ζωπύρωι

136 1818 374 1859 ,,”Ηρακλιώτηι,
390 1819 611 1859 Ὀνομακρίτωι
635 1821 817 1857 Άθηναλωι,
842 1820 891 1848 καὶ
916 1817 1164 1856 Ἐπικογκυλωι”
1191 1821 1221 1856 (Ε
1248 1820 1302 1855 22,
1327 1817 1362 1848 in
1386 1817 1475 1848 meis
1497 1819 1695 1856 Prolegom.
1721 1819 1762 1847 ad
1785 1818 1960 1857 Aristoph.

133 1879 212 1910 pag.
237 1871 326 1908 199).
348 1871 443 1908 Quae
467 1870 611 1901 notitiae
634 1871 739 1901 unius
763 1874 844 1901 sunt
869 1871 993 1907 iustam
1023 1872 1135 1901 virum
1161 1874 1276 1901 autem
1303 1871 1592 1906 „celeberrimum
1619 1871 1714 1901 illum
1741 1874 1775 1900 et
1797 1870 1960 1901 eruditis-

132 1921 281 1954 simum‘'
298 1922 526 1964 Epiconcylum
542 1924 595 1954 vel
619 1923 788 1963 Concylum
808 1924 1021 1954 carminibus
1033 1923 1184 1953 vetustis
1205 1932 1317 1961 neque
1338 1923 1505 1962 prodesse
1526 1922 1683 1961 potuisse
1696 1932 1809 1960 neque
1822 1932 1960 1960 nocere,

132 1977 263 2006 nomini
296 1975 389 2007 enim
423 1985 463 2006 ex
499 1985 614 2006 errore
649 1975 798 2006 alicuius
833 1976 967 2005 librarii
999 1979 1082 2005 nato
1112 1985 1231 2005 vocem
1265 1976 1372 2005 ἐπικὸν
1405 1979 1517 2005 κύκλον
1550 1975 1700 2005 ridicule
1729 1975 1958 2006 deformatam

133 2029 291 2064 subesse,
314 2030 423 2059 sensit
439 2027 590 2064 Cramer,
615 2030 668 2058 cui
695 2029 823 2058 frustra
846 2029 1005 2058 oblocuti
1029 2031 1109 2058 sunt
1133 2027 1204 2057 alii.
1236 2028 1280 2058 Et
1304 2029 1394 2066 epici
1419 2026 1506 2065 cycli
1530 2036 1656 2057 nomen
1678 2027 1760 2056 facit
1782 2030 1821 2057 ut
1847 2027 1961 2066 suspi-

134 2090 254 2112 cemur
286 2083 321 2112 in
354 2090 459 2121 opere
494 2080 690 2119 antiquiore
722 2080 783 2110 illo
815 2083 849 2111 et
879 2081 982 2111 hodie
1013 2082 1143 2119 ignoto,
1167 2090 1208 2110 ex
1233 2090 1302 2117 quo
1326 2081 1535 2110 Heliodorus
1561 2079 1802 2116 ludimagister
1827 2080 1960 2110 aliusve

133 2134 238 2165 homo
271 2135 400 2164 stultus
433 2134 548 2164 effecit
578 2143 689 2172 nugas
722 2142 809 2170 quas
841 2134 1033 2167 attulimus,
1059 2143 1125 2163 non
1150 2133 1192 2163 de
1215 2133 1324 2163 Iliade
1350 2136 1454 2171 atque
1479 2133 1631 2170 Odyssea
1655 2134 1738 2162 solis
1764 2142 1958 2163 sermonem

132 2187 253 2226 fuisse,
288 2187 349 2216 sed
383 2187 426 2217 de
458 2187 582 2216 cunctis
616 2187 826 2216 carminibus
861 2185 980 2225 epicis,
1015 2187 1069 2216 vel
1104 2185 1224 2225 potius
1259 2186 1301 2216 de
1337 2187 1460 2216 horum
1486 2185 1618 2216 materie
1642 2186 1676 2215 in
1701 2194 1807 2215 unum
1833 2195 1960 2225 corpus

133 2238 327 2270 coniuncta.
352 2239 498 2270 Prorsus
520 2249 602 2270 vero
623 2240 763 2279 ineptus
789 2240 997 2270 Heliodorus
1021 2239 1087 2270 iste
1112 2241 1177 2270 fnit
1201 2241 1247 2269 ita
1267 2240 1458 2269 disserens:
1483 2241 1535 2274 „ev
1558 2239 1618 2268 ml
1638 2244 1755 2277 χρονῶι
1774 2239 1811 2267 τὰ
1829 2238 1961 2278 Ὁμήρου

132 2295 292 2331 ποιήματα
322 2295 525 2333 παρεφθάρη,
558 2292 573 2331 ἢ
607 2293 666 2322 ὑπὸ
697 2293 800 2332 πυρὸσ
828 2293 842 2330 ἢ
867 2293 926 2322 ὑπὸ
951 2297 1080 2325 σεισμοῦ
1107 2292 1121 2330 ἢ
1148 2292 1207 2322 ὑπὸ
1233 2292 1353 2322 ὑδάτων
1378 2294 1554 2332 ὑποφορᾰσ·
1574 2292 1624 2320 καὶ
1650 2291 1749 2319 ἄλλων
1772 2291 1874 2320 limma
1899 2296 1958 2320 τῶν

131 2348 262 2386 βιβλίων
285 2345 582 2376 διασκεδασθέντων
601 2347 652 2375 καὶ
672 2346 870 2386 φθαρέντων,
892 2347 1018 2385 ὕστερον
1037 2346 1154 2385 εὑρέθη
1174 2346 1189 2374 ὁ
1211 2346 1267 2381 μὲν
1285 2347 1366 2383 ἔχων
1387 2344 1485 2382 τυχὸν
1498 2344 1610 2374 ἑκατὸν
1622 2343 1964 2384 στίχουσὉμηρικούσ,

135 2399 150 2427 ὁ
175 2398 208 2428 δὲ
235 2400 373 2436 graiove,
401 2398 496 2428 ἄλὶοσ
527 2398 721 2433 διακοσίουσ,
752 2398 848 2428 ἄλλου
881 2399 978 2428 ὅσουσ
1009 2398 1046 2427 ἂν
1076 2400 1178 2436 ἔτυχε,
1205 2399 1257 2427 καὶ
1281 2395 1385 2434 ἔμελλε
1407 2400 1502 2435 λήθηι
1526 2397 1767 2436 παραδίδοσθαι
1793 2398 1808 2435 ἡ
1833 2399 1958 2435 τοιαύτη

132 2453 269 2488 uoluam.
299 2451 376 2480 ἀλλὰ
407 2453 638 2491 Πεισίστρατόσ
669 2462 717 2481 τισ
742 2453 920 2489 Ἀθηναίων
943 2451 1141 2491 στρατηγὸσ.
1156 2449 1335 2491 ..ἐκήρυξεν
1359 2452 1390 2479 ἐν
1413 2452 1511 2487 πάσηι
1538 2455 1585 2487 τῖμ
1604 2449 1741 2483 (Ελλάδι,
1765 2449 1819 2479 τὸν
1843 2452 1957 2488 ἔχοντα

126 2502 312 2543 Ὁμηρικοὺσ
342 2506 476 2540 στίχουσ
505 2504 633 2540 ἀγαγεῖν
662 2504 744 2542 πρόσ
773 2506 894 2539 ἑαυτόν,
926 2505 974 2533 ἐπὶ
1004 2507 1124 2539 μισθῶι
1155 2505 1325 2544 ὡρισμένωι
1357 2503 1431 2532 καθ’
1458 2504 1590 2532 ἕκαστον
1615 2507 1726 2540 στίχον
1750 2500 1851 2539 κτέ.”;
1877 2503 1955 2532 dein

132 2555 244 2585 addit:
280 2554 524 2590 „Pisistratum
554 2557 628 2586 tum
659 2557 750 2586 viros
774 2557 908 2594 aliquot
939 2556 1154 2594 designasse,
1179 2556 1240 2594 qui
1263 2564 1386 2586 versus
1409 2556 1458 2585 sic
1483 2556 1629 2585 collatos
1653 2555 1870 2585 ordinarent:
1896 2555 1960 2585 hos

133 2608 309 2646 „singulos
337 2617 401 2648 pro
425 2608 567 2638 arbitrio
591 2608 807 2646 disposuisse
829 2612 983 2645 cunctos,
1005 2608 1174 2647 optimam
1199 2611 1317 2638 autem
1341 2607 1451 2638 visam
1477 2616 1554 2638 esse
1578 2608 1760 2638 ordinandi
1785 2607 1957 2638 rationem

132 2670 229 2696 ..eam
264 2670 367 2699 quam
397 2661 663 2699 proposuissent
691 2661 914 2691 Aristarchus
947 2664 980 2690 et
1010 2659 1243 2698 Zenodotus'',
1273 2661 1379 2691 Bekk.
1411 2661 1541 2692 Auecd.
1576 2661 1658 2697 7673
1694 2669 1795 2698 quem
1828 2661 1956 2690 Tzetza

133 2714 268 2744 iuvenis
298 2715 441 2744 secutus
472 2715 527 2743 est
555 2715 591 2743 in
621 2713 768 2750 Exegesi
790 2714 911 2744 Iliadis
937 2714 1000 2743 772
1025 2721 1078 2750 sq.
1100 2713 1314 2743 Bachmann.
1337 2714 1401 2743 Hic
1426 2717 1478 2744 est
1501 2714 1604 2744 homo
1626 2731 1664 2735 —
1690 2712 1841 2752 βδελυρὸν
1864 2712 1960 2742 haud

131 2766 307 2796 immerito
340 2769 477 2796 vocavit
512 2767 639 2797 Tzetza
663 2784 704 2788 —
729 2775 770 2796 ex
805 2768 905 2796 cuius
940 2767 1148 2796 auctoritate
1182 2767 1284 2796 multi
1320 2765 1576 2805 perhibuerunt
1610 2765 1730 2795 Iliadis
1762 2764 1890 2794 librum
1925 2766 1957 2794 K

133 2827 272 2849 carmen
300 2819 475 2857 integrum
508 2820 671 2857 primitus
701 2819 867 2854 effecisse,
891 2819 1058 2848 Mnemon.
1086 2820 1239 2854 1911,63
1264 2819 1333 2857 sq.!
1359 2836 1399 2841 —
1423 2819 1491 2849 Sed
1515 2820 1619 2848 etiam
1646 2817 1851 2847 iucundiora
1875 2819 1958 2846 sunt

133 2880 222 2910 quae
245 2871 399 2901 Andreas
422 2871 633 2910 Lopadiotas
655 2871 794 2901 saeculo
818 2871 911 2901 X1v⁰
935 2869 1078 2909 scripsit
1106 2869 1142 2900 in
1165 2871 1294 2901 Lexico
1318 2871 1574 2900 Vindobonensi
1601 2872 1663 2900 279
1689 2870 1822 2900 Nauck:
1848 2868 1955 2906 „Pisi-

135 2926 302 2959 ,stratum
337 2923 522 2962 quondam,
556 2924 753 2954 inordinata
788 2923 900 2953 adhuc
933 2926 968 2953 et
999 2924 1144 2953 confusa
1173 2924 1272 2962 poesi
1302 2924 1377 2953 Hos
1394 2923 1454 2959 eri,
1484 2924 1640 2961 praemio
1663 2923 1871 2953 sollicitasse
1898 2920 1957 2959 qui

135 2985 233 3012 „eam
265 2977 477 3014 ordinarent,
508 2977 622 3015 iisque
651 2976 798 3015 praemii
828 2976 966 3006 nomine
998 2976 1032 3005 in
1063 2974 1221 3013 singulos
1244 2984 1366 3005 versus
1391 2976 1546 3012 singulos
1571 2975 1690 3005 obelos
1715 2972 1958 3010 constituisse;

134 3029 314 3064 „mercede
345 3031 460 3059 autem
491 3029 652 3059 inductos
681 3036 854 3067 pauperes
884 3028 1027 3064 multos,
1051 3028 1179 3065 quibus
1205 3027 1365 3057 afflueret
1387 3028 1577 3066 ingenium,
1601 3027 1763 3064 fingendo
1788 3025 1961 3065 plurimos

134 3089 278 3118 „versus
309 3083 425 3120 operis
455 3080 674 3111 nobilitatem
697 3081 905 3119 corrupisse,
930 3079 1010 3110 dein
1036 3080 1274 3110 Aristarchum
1306 3079 1404 3110 obelis
1426 3082 1567 3110 notasse
1592 3088 1714 3109 versus
1740 3087 1826 3117 quos
1849 3087 1957 3117 pepe-

135 3133 258 3169 „risset
280 3132 440 3164 obolorum
464 3132 591 3163 amor'’.
747 3143 767 3162 a
790 3133 871 3171 Lyc.
894 3133 1016 3163 Leocr.
1041 3133 1058 3171 ξ
1084 3134 1159 3163 102.
