2234 3443
111 141 134 187 ὅ
167 140 238 185 40]
862 146 916 173 nn
948 144 1165 174 consoms.
1844 136 1925 174 139

344 258 606 310 κακελεγχέεσ,
637 255 746 297 εἶὸοσ
778 257 930 308 ἄριστοι
1084 258 1168 306 leg.
1204 254 1288 295 κάκ’
1324 256 1491 309 ἐλέγχεα,
1519 258 1661 311 ρεῑὸοσ
1692 257 1772 297 list.

347 326 388 366 ἒν
422 323 456 366 δ’
493 323 549 375 ἄρ’
587 325 764 365 ἑκάστην
1114 356 1131 374 ,,
1200 324 1242 363 ἐν
1275 322 1317 363 δὲ
1347 322 1580 377 ρεκάστκιό.

339 391 478 444 ’βάλεν
511 390 547 432 δ’
583 392 645 432 ἐπὶ
677 390 840 442 δέρμαθ’
881 392 1047 431 ἕκάστωι
1119 423 1136 441 ,‚
1205 390 1328 443 δέρμα
1358 393 1558 445 Ῐεκάστωι
1571 401 1597 430 ⁶.

344 458 556 513 κεχαροίατ’
593 461 736 500 ἰδοῦσα
768 463 809 507 (1)
1110 490 1127 508 ‚,
1196 460 1398 510 κεχάροιτο
1429 460 1607 513 ριὸοῦσα
1625 458 1656 498 d.

345 528 387 567 ἐν
419 529 462 567 δέ
493 526 519 567 τ’
554 525 610 578 ἄρ’
648 524 763 567 οἶνον
1117 558 1134 576 ,,
1202 526 1245 565 ἐν
1278 526 1320 566 δέ
1352 542 1391 565 τε
1421 531 1607 580 μοῖνονθ.

345 595 583 645 ἀπόπροθεν
614 592 726 635 οἷκοσ
757 595 893 643 ἐρύκοι
1115 628 1132 647 „
1199 593 1409 643 ἀπόπροθι
1439 599 1583 648 ιροῐκοσ
1597 594 1624 632 f.

229 665 343 704 Ante
369 665 518 704 oculos
545 664 785 713 legentium
816 663 1033 703 eiusmodi
1061 663 1218 701 vitium
1247 663 1443 702 nascitur
1470 664 1512 701 in
1543 664 1763 711 Odysseae
1790 664 1935 703 verbis

110 731 166 772 ὥσ
198 744 238 770 σε
269 732 415 779 genneo,
445 742 555 781 quae
586 732 719 771 verba
751 733 922 780 integra
948 731 1125 779 praebet
1159 731 1295 770 codex
1328 728 1404 778 Ph,
1430 731 1474 769 in
1503 731 1537 770 G
1563 741 1664 770 vero
1690 731 1850 779 legitur
1877 730 1933 769 ὡσ

110 798 245 850 ἕέοικε,
274 800 465 849 simplex
497 800 630 848 igitur
662 800 806 848 sigma
836 809 912 848 pro
945 799 1167 847 geminato
1201 799 1415 846 scriptum
1451 801 1519 836 est
1550 808 1694 838 errore
1726 799 1935 847 vulgatis-

111 869 238 915 sim0,
280 869 324 906 in
367 868 398 906 F
442 870 589 906 autem
634 867 820 913 aliisque
864 866 1019 904 multis
1061 866 1168 904 haec
1210 865 1326 904 facta
1368 868 1472 904 sunt
1508 864 1563 904 ὡσ
1594 865 1760 911 ἐπέοικε,
1796 870 1839 905 et
1870 867 1933 906 sic

112 935 429 984 paradiorthosi
466 935 610 973 deleta
651 936 756 972 sunt
787 933 883 973 soni
915 948 944 985 f
977 933 1181 980 vestigia.
1214 932 1296 971 Pro
1329 933 1508 971 vocibus
1540 934 1743 981 genuinis
1775 934 1935 986 (ρείπω

109 1017 147 1041 τε
170 1000 402 1054 (memorati
426 1003 471 1041 in
498 1002 665 1050 optimo
697 1001 842 1039 codice
876 999 910 1039 G
942 1000 1107 1048 scripta
1137 1003 1240 1038 sunt
1272 998 1337 1037 καὶ
1364 999 1461 1038 εἴπω
1488 998 1632 1038 ἕκαστα
1738 1011 1816 1040 nec
1843 1002 1930 1040 iam

110 1070 247 1109 salvis
273 1071 468 1109 numeris
495 1070 670 1117 signum
698 1084 727 1120 f
755 1069 902 1117 potest
928 1068 1043 1106 addi.
1072 1067 1216 1106 Verba
1243 1072 1318 1105 νῦν
1347 1065 1390 1105 ὁὲ
1416 1067 1573 1120 (penda
1599 1068 1752 1118 πόλιοσ,
1778 1069 1934 1117 quibus

108 1140 238 1186 poeta
278 1138 427 1177 Iliadis
463 1138 530 1176 bis
563 1139 630 1176 est
663 1134 815 1185 ususj,
851 1137 988 1175 altero
1020 1135 1114 1174 loco
1147 1141 1225 1173 νῦν
1258 1131 1294 1173 δ’
1330 1133 1480 1173 ἕκαθεν
1511 1135 1653 1174 πόλιοσ
1682 1139 1787 1175 sunt
1819 1137 1933 1176 sacta

111 1206 155 1244 in
196 1206 352 1244 multis
393 1205 720 1254 exemplaribus
759 1215 892 1243 manu
934 1204 1124 1252 scriptis,
1167 1204 1303 1242 altero
1345 1205 1388 1242 in
1427 1204 1718 1243 omnibus...
1752 1208 1934 1253 excepto

111 1283 210 1321 uno,
243 1274 354 1321 quod
396 1274 553 1313 ceteris
595 1277 661 1311 est
704 1272 939 1311 vetustius.
982 1272 1112 1311 Plura
1154 1282 1264 1320 quae
1305 1274 1409 1310 sunt
1440 1272 1692 1310 huiusmodi
1722 1273 1937 1312 cumulari

112 1350 197 1380 non
231 1343 297 1380 est
332 1351 454 1390 opus.

232 1409 458 1448 Sanabiles
485 1409 523 1448 ei
550 1419 718 1456 quoque
746 1410 849 1446 sunt
876 1419 1031 1447 versus
1059 1409 1101 1446 in
1130 1408 1287 1456 quibus
1314 1407 1515 1456 ampliori
1541 1407 1724 1455 genitivi
1747 1407 1937 1445 termino

111 1490 193 1513 -οιο
226 1476 467 1515 substituto
498 1490 567 1514 -ov
600 1476 722 1514 locus
754 1475 846 1514 fieri
878 1478 1023 1523 potest
1055 1485 1162 1514 sono
1194 1491 1236 1527 f,
1269 1485 1338 1514 ex.
1373 1486 1459 1523 gr.:

354 1542 627 1593 ἀνδροφόνοιο
659 1546 905 1594 Λυκούργου
1091 1543 1174 1591 leg.
1208 1541 1361 1591 -φόνου
1394 1542 1661 1594 Λυκορόργου
1676 1539 1705 1578 k.

349 1614 430 1650 τοῖο
462 1608 498 1649 δ’
535 1607 590 1649 ἐπ’
622 1607 877 1659 Ἰφιδάμαντι
1121 1641 1137 1658 „
1205 1616 1275 1648 τοῦ
1310 1606 1345 1647 δ’
1383 1608 1445 1647 ἐπὶ
1477 1607 1603 1658 ΡιφᾸ.

350 1678 557 1727 Χαρόποιο
588 1674 613 1716 τ’
650 1676 824 1715 ἅνακτοσ
1121 1708 1138 1726 „
1206 1693 1304 1716 -που
1337 1692 1373 1715 τε
1406 1677 1614 1730 δΙῑοίνακτοσ
1628 1687 1668 1717 ⁷⁷².

233 1746 341 1785 Nam
389 1747 602 1785 vetustior
647 1746 822 1793 quidem
866 1746 950 1784 fuit
991 1746 1209 1784 terminus
1251 1746 1505 1794 disyllabus,
1556 1747 1629 1784 sed
1667 1750 1756 1784 tam
1791 1745 1939 1784 creber

114 1813 183 1852 hic
230 1813 314 1852 fuit
359 1815 402 1852 in
449 1814 718 1853 carminibus
766 1814 901 1862 epicis
943 1816 992 1852 ut
1033 1824 1118 1852 non
1160 1814 1351 1862 potuerit
1392 1824 1477 1852 non
1521 1814 1661 1852 cuivis
1702 1813 1852 1851 lectori
1893 1813 1937 1851 in

114 1884 308 1919 mentem
337 1881 486 1920 venire
514 1882 586 1919 ubi
613 1884 711 1930 post
736 1881 978 1920 breviorem
1008 1882 1251 1920 terminum
1277 1896 1346 1919 -0v
1373 1882 1571 1920 numeris
1600 1881 1760 1928 aliquid
1789 1881 1939 1919 deesse

114 1948 367 1996 videbatur;
400 1949 444 1987 in
477 1963 544 1986 -ov
579 1951 727 1988 autem
761 1949 1012 1987 desinentes
1044 1949 1230 1997 genitivi
1262 1950 1375 1997 apud
1409 1949 1650 1988 Homerum
1686 1959 1824 1996 neque
1856 1950 1943 1987 rari

113 2019 217 2054 sunt
248 2026 386 2064 neque
418 2017 626 2065 suspecti.

231 2083 377 2122 Etiam
420 2084 553 2123 verba
595 2080 768 2133 ἐθέληισ’
816 2082 1014 2133 εἶπόντοσ,
1054 2080 1163 2133 ἴδωμ’
1210 2083 1235 2121 ἅ
1267 2080 1335 2122 τιν’
1371 2083 1479 2135 ἔργα,
1508 2080 1625 2134 ἤλυθ’
1660 2084 1749 2128 ἰωή,
1780 2081 1940 2133 ἤλυθον

114 2149 292 2189 εἰκοστῶι
332 2152 427 2191 sine
458 2153 710 2191 temeritate
743 2153 929 2200 possunt
959 2153 1122 2191 mutari
1155 2153 1221 2191 in:
1256 2151 1392 2202 ἐθέληι
1423 2151 1688 2204 μειπόντοσπ,
1719 2151 1824 2204 fida>
1855 2151 1941 2189 τίνα

113 2216 239 2270 [ἔργα
253 2228 282 2259 0.
315 2213 413 2267 ἦλθε
443 2220 597 2271 μωήΡ,
628 2213 758 2269 ἦλθον
792 2217 1013 2270 ἐρεικοστῶι
1026 2227 1056 2257 q,

234 2287 290 2324 At
330 2296 415 2325 non
458 2289 524 2326 est
566 2288 680 2326 cauti
724 2288 1010 2336 prudentisve
1053 2288 1207 2335 critici,
1253 2298 1359 2327 sono
1401 2304 1430 2340 J:
1472 2289 1679 2337 opitulari
1721 2287 1939 2336 syllabam

115 2353 363 2401 proximam
395 2355 622 2402 violando;
657 2355 880 2404 probanda
912 2356 1046 2403 igitur
1073 2365 1161 2395 non
1188 2358 1312 2395 sunt:
1341 2354 1421 2394 ἀπὸ
1447 2363 1524 2409 fes)
1544 2354 1735 2409 ’δρεῐσες
1770 2355 1943 2398 ρειδόσιν

114 2416 215 2469 ύμμι
247 2415 344 2470 (ὑμι)
370 2421 497 2474 ,ρερέω
516 2429 543 2471 ³,
576 2421 674 2460 ἀλλὰ
705 2420 873 2474 μερέωῗ,
903 2422 1128 2472 φωνήσασα
1169 2421 1343 2476 femena,
1370 2423 1515 2474 χέουσα
1541 2423 1714 2476 Δῖέπεαῡ,
1744 2429 1942 2461 τοσσαυτα

113 2494 289 2549 fit-saw,
326 2503 400 2536 νοῦ
440 2498 613 2550 μέργαῑ,
653 2496 743 2536 ούτε
777 2494 944 2550 ρέπειϋ,
976 2498 1154 2548 similia,
1189 2500 1264 2538 sed
1305 2500 1493 2538 traditae
1531 2511 1660 2539 voces
1691 2497 1794 2552 (ρέο
1829 2499 1945 2549 δεῖσε,

114 2569 207 2621 υμμ’
239 2571 346 2622 ἐρέω,
368 2569 446 2610 ἀλλ’
477 2571 584 2622 ἐρέω,
609 2569 814 2623 φωνήσασ’
842 2572 951 2622 ἔπεα,
975 2570 1105 2623 χέουσ’
1136 2573 1244 2623 ἔπεα,
1268 2571 1447 2613 τοσσαῦτ’
1477 2574 1575 2625 ἔτεα,
1602 2576 1699 2614 νόου
1725 2575 1833 2627 ἔργα,
1860 2572 1936 2614 οὔτ’

115 2638 201 2679 ἔπεϊ
239 2644 315 2680 aut
345 2641 433 2680 alia
463 2641 634 2680 ratione
666 2641 947 2689 corrigendae
984 2644 1101 2690 sunt,
1134 2644 1210 2681 aut
1243 2644 1486 2682 servandae
1506 2674 1513 2682 .
1535 2674 1543 2682 .
1565 2674 1572 2683 .
1592 2655 1678 2683 non
1711 2646 1942 2693 propterea

205 2798 225 2817 a
250 2791 276 2817 E
300 2788 376 2824 787,
403 2788 425 2818 l.
449 2797 478 2818 a.
504 2801 609 2828 -γχεα.
778 2788 794 2818 b
819 2793 856 2819 Π
878 2791 951 2827 369,
971 2790 993 2819 l.
1019 2799 1050 2820 a.
1073 2790 1114 2819 δέ.
1271 2800 1288 2820 c
1312 2791 1329 2820 δ
1354 2792 1429 2830 440,
1453 2791 1475 2820 l.
1499 2800 1529 2821 8..
1555 2803 1623 2828 -μα,
1779 2790 1802 2820 d
1823 2804 1840 2828 γ
1865 2792 1942 2827 438,

118 2840 140 2869 1.
165 2849 194 2870 a.
219 2851 329 2880 -ροιω,
354 2841 371 2877 g
400 2842 474 2871 119.
675 2851 692 2871 e
714 2854 732 2871 v
758 2843 833 2878 252,
858 2843 880 2872 l.
905 2851 936 2871 a.
962 2853 1002 2872 n.
1213 2843 1245 2884 f
1263 2855 1279 2885 ρ
1307 2845 1385 2879 408,
1409 2844 1431 2873 1.
1455 2853 1484 2873 a.
1509 2848 1570 2874 -.n
1771 2853 1793 2883 9
1817 2855 1840 2882 χ
1867 2844 1942 2873 196.

250 2892 269 2921 Ιι
294 2891 420 2923 Codice
440 2892 466 2922 P
487 2894 684 2932 complures
699 2892 898 2924 criticorum
913 2893 1134 2925 coniecturae
1144 2895 1327 2934 postmodo
1340 2896 1562 2926 confirmatae
1575 2898 1667 2926 sunt.
1802 2895 1815 2925 z·
1834 2908 1851 2932 γ
1866 2897 1942 2926 361.

243 2944 264 2984 j
288 2948 315 2975 Ε
337 2947 398 2976 791
426 2950 458 2976 Ν
480 2947 555 2977 107.
712 2946 733 2976 lc
755 2951 784 2976 Z
813 2948 886 2977 134.
1053 2948 1116 2977 lA
1145 2950 1221 2979 261.
1375 2960 1403 2978 m
1429 2952 1457 2979 B
1481 2949 1558 2979 672.
1582 2948 1651 2978 Aut
1677 2951 1828 2989 Χάροπόο
1855 2960 1886 2978 τε
1909 2961 1941 2986 f.

116 2997 348 3035 (Brandreffi),
371 3007 450 3037 pag.
476 2999 516 3029 '17
530 3010 560 3029 a.
715 3010 735 3029 n
759 3004 787 3029 Z
813 3001 888 3030 281.
1040 3010 1058 3031 o
1081 3004 1116 3030 Χ
1141 3003 1216 3031 450.
1367 3013 1391 3041 p
1416 3004 1448 3031 1(
1476 3003 1550 3032 139.
1710 3011 1728 3041 q
1752 3011 1774 3030 n
1799 3002 1862 3031 206
1887 3002 1942 3036 al„

118 3052 158 3079 ut
181 3051 268 3080 ἔλθοι
292 3053 467 3088 ἐρεικοσῑῶι
490 3059 519 3089 ψ
544 3052 618 3087 102,
646 3052 720 3082 170.
957 3061 973 3081 r
997 3056 1029 3082 N
1048 3054 1122 3084 163.
1364 3064 1379 3084 S
1408 3059 1440 3084 Ψ
1463 3055 1538 3084 787.
1785 3056 1796 3084 ἰ
1820 3067 1840 3091 μ
1868 3055 1942 3084 156.

254 3113 274 3132 ιι
301 3107 326 3132 Ο
345 3104 386 3133 35
411 3103 453 3132 al.
588 3114 605 3134 v
630 3107 665 3134 X
688 3105 740 3134 81.
875 3116 902 3135 w
928 3108 955 3135 B
981 3107 1057 3136 328.
1192 3117 1213 3137 a·
1238 3107 1270 3136 ,Ω
1295 3108 1369 3136 354.
1504 3106 1529 3146 zj
1554 3109 1580 3136 Ε
1602 3107 1677 3137 879.
