<?xml version="1.0" encoding="UTF-8"?>
<!DOCTYPE html PUBLIC "-//W3C//DTD XHTML 1.0 Transitional//EN"
    "http://www.w3.org/TR/xhtml1/DTD/xhtml1-transitional.dtd">
<html xmlns="http://www.w3.org/1999/xhtml" xml:lang="en" lang="en">
 <head>
  <title>
</title>
<meta http-equiv="Content-Type" content="text/html;charset=utf-8" />
  <meta name='ocr-system' content='tesseract 3.04.00' />
  <meta name='ocr-capabilities' content='ocr_page ocr_carea ocr_par ocr_line ocrx_word'/>
</head>
<body>
  <div class='ocr_page' id='page_1' title='image "./enchiridiumdicti00leeuuoft_0127.png"; bbox 0 0 2234 3443; ppageno 0'>
   <div class='ocr_carea' id='block_1_1' title="bbox 173 179 1984 236">
    <p class='ocr_par' dir='ltr' id='par_1_1' title="bbox 173 179 1984 236">
     <span class='ocr_line' id='line_1_1' title="bbox 173 179 1984 236; baseline -0.006 -10"><span class='ocrx_word' id='word_1_1' title='bbox 173 190 196 236; x_wconf 72' lang='lat'>5</span> <span class='ocrx_word' id='word_1_2' title='bbox 229 187 299 232; x_wconf 83' lang='lat'>27]</span> <span class='ocrx_word' id='word_1_3' title='bbox 699 197 752 224; x_wconf 84' lang='lat' dir='ltr'>DE</span> <span class='ocrx_word' id='word_1_4' title='bbox 786 195 1026 224; x_wconf 49' lang='lat' dir='ltr'>vocaretis</span> <span class='ocrx_word' id='word_1_5' title='bbox 1057 196 1107 223; x_wconf 82' lang='lat' dir='ltr'>ET</span> <span class='ocrx_word' id='word_1_6' title='bbox 1140 193 1450 223; x_wconf 79' lang='lat' dir='ltr'>DIPHTHONGIS.</span> <span class='ocrx_word' id='word_1_7' title='bbox 1904 179 1984 217; x_wconf 82' lang='lat'>103</span> 
     </span>
    </p>
   </div>
   <div class='ocr_carea' id='block_1_2' title="bbox 162 302 1990 1777">
    <p class='ocr_par' dir='ltr' id='par_1_2' title="bbox 166 302 1988 756">
     <span class='ocr_line' id='line_1_2' title="bbox 169 302 1987 360; baseline -0.005 -11"><span class='ocrx_word' id='word_1_8' title='bbox 169 310 387 360; x_wconf 79' lang='grc' dir='ltr'><strong><em>αἱμυλίοισι</em></strong></span> <span class='ocrx_word' id='word_1_9' title='bbox 433 309 629 360; x_wconf 77' lang='grc' dir='ltr'><em>λόγοισια,</em></span> <span class='ocrx_word' id='word_1_10' title='bbox 671 313 719 349; x_wconf 90' lang='lat' dir='ltr'>ut</span> <span class='ocrx_word' id='word_1_11' title='bbox 760 310 843 349; x_wconf 88' lang='lat' dir='ltr'>hoc</span> <span class='ocrx_word' id='word_1_12' title='bbox 885 313 1063 348; x_wconf 81' lang='lat' dir='ltr'>utamur</span> <span class='ocrx_word' id='word_1_13' title='bbox 1105 308 1321 358; x_wconf 84' lang='lat' dir='ltr'>exemplo,</span> <span class='ocrx_word' id='word_1_14' title='bbox 1365 305 1626 356; x_wconf 83' lang='lat' dir='ltr'>particulam</span> <span class='ocrx_word' id='word_1_15' title='bbox 1660 302 1702 342; x_wconf 76' lang='grc' dir='ltr'>δέ</span> <span class='ocrx_word' id='word_1_16' title='bbox 1732 303 1987 352; x_wconf 90' lang='lat' dir='ltr'>productam</span> 
     </span>
     <span class='ocr_line' id='line_1_3' title="bbox 171 371 1988 428; baseline -0.006 -10"><span class='ocrx_word' id='word_1_17' title='bbox 171 389 268 418; x_wconf 90' lang='lat' dir='ltr'>esse</span> <span class='ocrx_word' id='word_1_18' title='bbox 309 380 538 428; x_wconf 88' lang='lat' dir='ltr'>propterea</span> <span class='ocrx_word' id='word_1_19' title='bbox 579 379 690 425; x_wconf 86' lang='lat' dir='ltr'>quod</span> <span class='ocrx_word' id='word_1_20' title='bbox 732 378 996 417; x_wconf 88' lang='lat' dir='ltr'>adiectivum</span> <span class='ocrx_word' id='word_1_21' title='bbox 1040 375 1218 425; x_wconf 78' lang='grc' dir='ltr'><em>μαλακόσ</em></span> <span class='ocrx_word' id='word_1_22' title='bbox 1260 386 1284 414; x_wconf 87' lang='lat' dir='ltr'>a</span> <span class='ocrx_word' id='word_1_23' title='bbox 1325 374 1493 413; x_wconf 89' lang='lat' dir='ltr'>duabus</span> <span class='ocrx_word' id='word_1_24' title='bbox 1535 371 1740 412; x_wconf 83' lang='lat' dir='ltr'>consonis</span> <span class='ocrx_word' id='word_1_25' title='bbox 1772 371 1988 419; x_wconf 87' lang='lat' dir='ltr'>coepisset</span> 
     </span>
     <span class='ocr_line' id='line_1_4' title="bbox 170 438 1987 495; baseline -0.006 -10"><span class='ocrx_word' id='word_1_26' title='bbox 170 446 406 495; x_wconf 86' lang='lat' dir='ltr'>primitus?</span> <span class='ocrx_word' id='word_1_27' title='bbox 448 446 540 485; x_wconf 89' lang='lat' dir='ltr'>Non</span> <span class='ocrx_word' id='word_1_28' title='bbox 583 446 699 484; x_wconf 91' lang='lat' dir='ltr'>enim</span> <span class='ocrx_word' id='word_1_29' title='bbox 743 455 877 484; x_wconf 91' lang='lat' dir='ltr'>unam</span> <span class='ocrx_word' id='word_1_30' title='bbox 920 445 1143 483; x_wconf 85' lang='lat' dir='ltr'>notionem</span> <span class='ocrx_word' id='word_1_31' title='bbox 1185 441 1227 481; x_wconf 82' lang='grc' dir='ltr'>δέ</span> <span class='ocrx_word' id='word_1_32' title='bbox 1269 445 1312 482; x_wconf 89' lang='lat' dir='ltr'>et</span> <span class='ocrx_word' id='word_1_33' title='bbox 1354 443 1564 491; x_wconf 75' lang='grc' dir='ltr'><em>μαλακοῖσι</em></span> <span class='ocrx_word' id='word_1_34' title='bbox 1594 438 1859 478; x_wconf 88' lang='lat' dir='ltr'>coniunctim</span> <span class='ocrx_word' id='word_1_35' title='bbox 1891 447 1987 476; x_wconf 89' lang='lat' dir='ltr'>con-</span> 
     </span>
     <span class='ocr_line' id='line_1_5' title="bbox 169 504 1986 561; baseline -0.006 -9"><span class='ocrx_word' id='word_1_36' title='bbox 169 514 426 561; x_wconf 86' lang='lat' dir='ltr'>stituebant,</span> <span class='ocrx_word' id='word_1_37' title='bbox 484 522 569 551; x_wconf 91' lang='lat' dir='ltr'>non</span> <span class='ocrx_word' id='word_1_38' title='bbox 625 515 859 561; x_wconf 87' lang='lat' dir='ltr'>potuerunt</span> <span class='ocrx_word' id='word_1_39' title='bbox 910 512 1041 559; x_wconf 87' lang='lat' dir='ltr'>igitur</span> <span class='ocrx_word' id='word_1_40' title='bbox 1094 521 1200 550; x_wconf 91' lang='lat' dir='ltr'>aevo</span> <span class='ocrx_word' id='word_1_41' title='bbox 1248 508 1573 548; x_wconf 88' lang='lat' dir='ltr'>antehomerico</span> <span class='ocrx_word' id='word_1_42' title='bbox 1620 515 1896 545; x_wconf 81' lang='lat' dir='ltr'>concrescere</span> <span class='ocrx_word' id='word_1_43' title='bbox 1943 504 1986 542; x_wconf 91' lang='lat' dir='ltr'>in</span> 
     </span>
     <span class='ocr_line' id='line_1_6' title="bbox 170 571 1988 629; baseline -0.006 -9"><span class='ocrx_word' id='word_1_44' title='bbox 170 591 303 620; x_wconf 89' lang='lat' dir='ltr'>unam</span> <span class='ocrx_word' id='word_1_45' title='bbox 345 590 512 628; x_wconf 90' lang='lat' dir='ltr'>vocem,</span> <span class='ocrx_word' id='word_1_46' title='bbox 557 590 665 628; x_wconf 88' lang='lat' dir='ltr'>quae</span> <span class='ocrx_word' id='word_1_47' title='bbox 708 582 751 619; x_wconf 90' lang='lat' dir='ltr'>in</span> <span class='ocrx_word' id='word_1_48' title='bbox 794 581 1078 629; x_wconf 81' lang='grc' dir='ltr'><em>δεμμαλακοῖσι</em></span> <span class='ocrx_word' id='word_1_49' title='bbox 1120 579 1273 626; x_wconf 88' lang='lat' dir='ltr'>abiret,</span> <span class='ocrx_word' id='word_1_50' title='bbox 1307 580 1355 616; x_wconf 88' lang='lat' dir='ltr'>ut</span> <span class='ocrx_word' id='word_1_51' title='bbox 1386 575 1547 626; x_wconf 79' lang='grc' dir='ltr'><em>ἔσμεναι</em></span> <span class='ocrx_word' id='word_1_52' title='bbox 1578 575 1619 613; x_wconf 90' lang='lat' dir='ltr'>in</span> <span class='ocrx_word' id='word_1_53' title='bbox 1654 573 1829 623; x_wconf 74' lang='grc' dir='ltr'><em>ἔμμεναι.</em></span> <span class='ocrx_word' id='word_1_54' title='bbox 1861 571 1988 610; x_wconf 85' lang='lat' dir='ltr'>Haud</span> 
     </span>
     <span class='ocr_line' id='line_1_7' title="bbox 169 639 1988 696; baseline -0.005 -9"><span class='ocrx_word' id='word_1_55' title='bbox 169 648 257 687; x_wconf 89' lang='lat' dir='ltr'>rari</span> <span class='ocrx_word' id='word_1_56' title='bbox 296 650 446 687; x_wconf 90' lang='lat' dir='ltr'>autem</span> <span class='ocrx_word' id='word_1_57' title='bbox 488 650 592 687; x_wconf 88' lang='lat' dir='ltr'>sunt</span> <span class='ocrx_word' id='word_1_58' title='bbox 632 648 935 687; x_wconf 90' lang='lat' dir='ltr'>huiuscemodi</span> <span class='ocrx_word' id='word_1_59' title='bbox 977 657 1133 686; x_wconf 88' lang='lat' dir='ltr'>versus</span> <span class='ocrx_word' id='word_1_60' title='bbox 1148 643 1176 696; x_wconf 71' lang='lat' dir='ltr'>b,</span> <span class='ocrx_word' id='word_1_61' title='bbox 1220 655 1328 694; x_wconf 92' lang='lat' dir='ltr'>quos</span> <span class='ocrx_word' id='word_1_62' title='bbox 1369 645 1421 684; x_wconf 88' lang='lat' dir='ltr'>ad</span> <span class='ocrx_word' id='word_1_63' title='bbox 1459 646 1703 683; x_wconf 86' lang='lat' dir='ltr'>ceterorum</span> <span class='ocrx_word' id='word_1_64' title='bbox 1735 639 1988 689; x_wconf 82' lang='lat' dir='ltr'>exemplum</span> 
     </span>
     <span class='ocr_line' id='line_1_8' title="bbox 166 715 906 756; baseline 0 -2"><span class='ocrx_word' id='word_1_65' title='bbox 166 715 308 754; x_wconf 85' lang='lat' dir='ltr'>factos</span> <span class='ocrx_word' id='word_1_66' title='bbox 339 725 438 754; x_wconf 89' lang='lat' dir='ltr'>esse</span> <span class='ocrx_word' id='word_1_67' title='bbox 469 725 555 754; x_wconf 91' lang='lat' dir='ltr'>non</span> <span class='ocrx_word' id='word_1_68' title='bbox 589 717 656 754; x_wconf 89' lang='lat' dir='ltr'>est</span> <span class='ocrx_word' id='word_1_69' title='bbox 687 715 906 756; x_wconf 88' lang='lat' dir='ltr'>credibile.</span> 
     </span>
    </p>

    <p class='ocr_par' dir='ltr' id='par_1_3' title="bbox 162 772 1988 1166">
     <span class='ocr_line' id='line_1_9' title="bbox 288 772 1987 831; baseline -0.006 -10"><span class='ocrx_word' id='word_1_70' title='bbox 288 782 442 821; x_wconf 85' lang='lat' dir='ltr'>Restat</span> <span class='ocrx_word' id='word_1_71' title='bbox 489 784 538 821; x_wconf 89' lang='lat' dir='ltr'>ut</span> <span class='ocrx_word' id='word_1_72' title='bbox 584 793 635 821; x_wconf 90' lang='lat' dir='ltr'>ea</span> <span class='ocrx_word' id='word_1_73' title='bbox 681 793 791 830; x_wconf 89' lang='lat' dir='ltr'>quae</span> <span class='ocrx_word' id='word_1_74' title='bbox 839 782 1018 831; x_wconf 80' lang='lat' dir='ltr'>praebet</span> <span class='ocrx_word' id='word_1_75' title='bbox 1062 784 1215 820; x_wconf 86' lang='lat' dir='ltr'>textus</span> <span class='ocrx_word' id='word_1_76' title='bbox 1261 781 1451 820; x_wconf 87' lang='lat' dir='ltr'>traditus</span> <span class='ocrx_word' id='word_1_77' title='bbox 1495 779 1602 828; x_wconf 90' lang='lat' dir='ltr'>ipsis</span> <span class='ocrx_word' id='word_1_78' title='bbox 1654 776 1794 826; x_wconf 89' lang='lat' dir='ltr'>poetis</span> <span class='ocrx_word' id='word_1_79' title='bbox 1840 772 1987 812; x_wconf 89' lang='lat' dir='ltr'>deberi</span> 
     </span>
     <span class='ocr_line' id='line_1_10' title="bbox 168 845 1985 898; baseline -0.005 -11"><span class='ocrx_word' id='word_1_80' title='bbox 168 849 501 897; x_wconf 82' lang='lat' dir='ltr'>existimentur;</span> <span class='ocrx_word' id='word_1_81' title='bbox 535 851 578 888; x_wconf 92' lang='lat' dir='ltr'>in</span> <span class='ocrx_word' id='word_1_82' title='bbox 612 850 833 898; x_wconf 89' lang='lat' dir='ltr'>epicorum</span> <span class='ocrx_word' id='word_1_83' title='bbox 866 850 999 898; x_wconf 88' lang='lat' dir='ltr'>igitur</span> <span class='ocrx_word' id='word_1_84' title='bbox 1030 852 1259 897; x_wconf 89' lang='lat' dir='ltr'>poetarum</span> <span class='ocrx_word' id='word_1_85' title='bbox 1294 850 1388 887; x_wconf 92' lang='lat' dir='ltr'>arte</span> <span class='ocrx_word' id='word_1_86' title='bbox 1414 847 1598 886; x_wconf 88' lang='lat' dir='ltr'>metrica</span> <span class='ocrx_word' id='word_1_87' title='bbox 1622 845 1800 883; x_wconf 89' lang='lat' dir='ltr'>brevem</span> <span class='ocrx_word' id='word_1_88' title='bbox 1828 850 1985 880; x_wconf 91' lang='lat' dir='ltr'>sonum</span> 
     </span>
     <span class='ocr_line' id='line_1_11' title="bbox 166 909 1987 970; baseline -0.004 -16"><span class='ocrx_word' id='word_1_89' title='bbox 166 914 343 955; x_wconf 86' lang='lat' dir='ltr'>finalem</span> <span class='ocrx_word' id='word_1_90' title='bbox 385 919 487 956; x_wconf 90' lang='lat' dir='ltr'>ante</span> <span class='ocrx_word' id='word_1_91' title='bbox 529 928 746 957; x_wconf 91' lang='lat' dir='ltr'>consonas</span> <span class='ocrx_word' id='word_1_92' title='bbox 787 917 981 957; x_wconf 85' lang='lat' dir='ltr'>initiales</span> <span class='ocrx_word' id='word_1_93' title='bbox 1017 933 1080 970; x_wconf 56' lang='lat' dir='ltr'>p,</span> <span class='ocrx_word' id='word_1_94' title='bbox 1110 919 1163 965; x_wconf 81' lang='grc' dir='ltr'>λ-,</span> <span class='ocrx_word' id='word_1_95' title='bbox 1193 932 1252 966; x_wconf 89' lang='grc' dir='ltr'>μ-,</span> <span class='ocrx_word' id='word_1_96' title='bbox 1282 931 1337 963; x_wconf 80' lang='grc' dir='ltr'>ν-,</span> <span class='ocrx_word' id='word_1_97' title='bbox 1368 930 1422 966; x_wconf 84' lang='grc' dir='ltr'>ρ-,</span> <span class='ocrx_word' id='word_1_98' title='bbox 1453 927 1491 953; x_wconf 82' lang='grc' dir='ltr'><em>σ-</em></span> <span class='ocrx_word' id='word_1_99' title='bbox 1525 913 1752 953; x_wconf 84' lang='lat' dir='ltr'>suffecisse</span> <span class='ocrx_word' id='word_1_100' title='bbox 1784 911 1837 949; x_wconf 92' lang='lat' dir='ltr'>ad</span> <span class='ocrx_word' id='word_1_101' title='bbox 1870 909 1987 948; x_wconf 90' lang='lat' dir='ltr'>arsin</span> 
     </span>
     <span class='ocr_line' id='line_1_12' title="bbox 165 978 1988 1034; baseline -0.004 -12"><span class='ocrx_word' id='word_1_102' title='bbox 165 983 469 1032; x_wconf 76' lang='lat' dir='ltr'>explendamc.</span> <span class='ocrx_word' id='word_1_103' title='bbox 515 984 631 1034; x_wconf 82' lang='lat' dir='ltr'>Quae</span> <span class='ocrx_word' id='word_1_104' title='bbox 674 985 908 1034; x_wconf 81' lang='lat' dir='ltr'>explicatio</span> <span class='ocrx_word' id='word_1_105' title='bbox 951 985 1059 1024; x_wconf 89' lang='lat' dir='ltr'>nihil</span> <span class='ocrx_word' id='word_1_106' title='bbox 1102 984 1234 1024; x_wconf 88' lang='lat' dir='ltr'>habet</span> <span class='ocrx_word' id='word_1_107' title='bbox 1275 982 1556 1030; x_wconf 85' lang='lat' dir='ltr'>incommodi,</span> <span class='ocrx_word' id='word_1_108' title='bbox 1595 980 1799 1028; x_wconf 86' lang='lat' dir='ltr'>quoniam</span> <span class='ocrx_word' id='word_1_109' title='bbox 1833 978 1988 1016; x_wconf 90' lang='lat' dir='ltr'>breves</span> 
     </span>
     <span class='ocr_line' id='line_1_13' title="bbox 162 1045 1985 1101; baseline -0.004 -11"><span class='ocrx_word' id='word_1_110' title='bbox 162 1051 260 1090; x_wconf 88' lang='lat' dir='ltr'>soni</span> <span class='ocrx_word' id='word_1_111' title='bbox 306 1050 460 1091; x_wconf 89' lang='lat' dir='ltr'>finales</span> <span class='ocrx_word' id='word_1_112' title='bbox 506 1052 642 1091; x_wconf 89' lang='lat' dir='ltr'>etiam</span> <span class='ocrx_word' id='word_1_113' title='bbox 689 1063 774 1091; x_wconf 78' lang='lat' dir='ltr'>non</span> <span class='ocrx_word' id='word_1_114' title='bbox 820 1054 1030 1101; x_wconf 88' lang='lat' dir='ltr'>sequente</span> <span class='ocrx_word' id='word_1_115' title='bbox 1078 1051 1335 1091; x_wconf 84' lang='lat' dir='ltr'>semivocali</span> <span class='ocrx_word' id='word_1_116' title='bbox 1377 1051 1498 1090; x_wconf 88' lang='lat' dir='ltr'>arsin</span> <span class='ocrx_word' id='word_1_117' title='bbox 1539 1048 1694 1087; x_wconf 87' lang='lat' dir='ltr'>multis</span> <span class='ocrx_word' id='word_1_118' title='bbox 1739 1045 1985 1085; x_wconf 85' lang='lat' dir='ltr'>carminum</span> 
     </span>
     <span class='ocr_line' id='line_1_14' title="bbox 162 1117 798 1166; baseline 0.003 -10"><span class='ocrx_word' id='word_1_119' title='bbox 162 1118 384 1166; x_wconf 85' lang='lat' dir='ltr'>epicorum</span> <span class='ocrx_word' id='word_1_120' title='bbox 416 1119 524 1159; x_wconf 92' lang='lat' dir='ltr'>locis</span> <span class='ocrx_word' id='word_1_121' title='bbox 555 1120 752 1158; x_wconf 83' lang='lat' dir='ltr'>obtinent</span> <span class='ocrx_word' id='word_1_122' title='bbox 765 1117 798 1158; x_wconf 80' lang='lat' dir='ltr'>d.</span> 
     </span>
    </p>

    <p class='ocr_par' dir='ltr' id='par_1_4' title="bbox 165 1178 1987 1439">
     <span class='ocr_line' id='line_1_15' title="bbox 284 1178 1986 1239; baseline -0.004 -15"><span class='ocrx_word' id='word_1_123' title='bbox 284 1185 351 1224; x_wconf 89' lang='lat' dir='ltr'>Ita</span> <span class='ocrx_word' id='word_1_124' title='bbox 392 1187 430 1225; x_wconf 91' lang='lat' dir='ltr'>si</span> <span class='ocrx_word' id='word_1_125' title='bbox 471 1197 563 1226; x_wconf 89' lang='lat' dir='ltr'>rem</span> <span class='ocrx_word' id='word_1_126' title='bbox 607 1187 733 1226; x_wconf 92' lang='lat' dir='ltr'>nobis</span> <span class='ocrx_word' id='word_1_127' title='bbox 765 1187 1071 1239; x_wconf 84' lang='lat' dir='ltr'>informamus,</span> <span class='ocrx_word' id='word_1_128' title='bbox 1116 1197 1203 1226; x_wconf 91' lang='lat' dir='ltr'>non</span> <span class='ocrx_word' id='word_1_129' title='bbox 1237 1189 1305 1226; x_wconf 91' lang='lat' dir='ltr'>est</span> <span class='ocrx_word' id='word_1_130' title='bbox 1337 1197 1412 1226; x_wconf 91' lang='lat' dir='ltr'>cur</span> <span class='ocrx_word' id='word_1_131' title='bbox 1443 1186 1486 1224; x_wconf 90' lang='lat' dir='ltr'>in</span> <span class='ocrx_word' id='word_1_132' title='bbox 1518 1183 1720 1224; x_wconf 87' lang='lat' dir='ltr'>versibus</span> <span class='ocrx_word' id='word_1_133' title='bbox 1753 1181 1885 1230; x_wconf 89' lang='lat' dir='ltr'>epicis</span> <span class='ocrx_word' id='word_1_134' title='bbox 1917 1178 1986 1218; x_wconf 81' lang='grc' dir='ltr'><em>ὅθι</em></span> 
     </span>
     <span class='ocr_line' id='line_1_16' title="bbox 165 1244 1987 1306; baseline -0.004 -16"><span class='ocrx_word' id='word_1_135' title='bbox 165 1251 287 1302; x_wconf 78' lang='grc' dir='ltr'><em>νητόσ</em></span> <span class='ocrx_word' id='word_1_136' title='bbox 342 1254 412 1293; x_wconf 86' lang='lat' dir='ltr'>vel</span> <span class='ocrx_word' id='word_1_137' title='bbox 468 1252 526 1293; x_wconf 80' lang='grc' dir='ltr'>ἐνὶ</span> <span class='ocrx_word' id='word_1_138' title='bbox 582 1255 786 1306; x_wconf 78' lang='grc' dir='ltr'><em>μεγάροισι</em></span> <span class='ocrx_word' id='word_1_139' title='bbox 841 1255 989 1294; x_wconf 89' lang='lat' dir='ltr'>minus</span> <span class='ocrx_word' id='word_1_140' title='bbox 1051 1257 1151 1303; x_wconf 84' lang='lat' dir='ltr'>apte</span> <span class='ocrx_word' id='word_1_141' title='bbox 1197 1255 1409 1303; x_wconf 89' lang='lat' dir='ltr'>scriptum</span> <span class='ocrx_word' id='word_1_142' title='bbox 1457 1253 1656 1291; x_wconf 89' lang='lat' dir='ltr'>videatur</span> <span class='ocrx_word' id='word_1_143' title='bbox 1703 1258 1833 1297; x_wconf 86' lang='lat' dir='ltr'>quam</span> <span class='ocrx_word' id='word_1_144' title='bbox 1881 1244 1987 1295; x_wconf 79' lang='grc' dir='ltr'><em>ἐνιμ-</em></span> 
     </span>
     <span class='ocr_line' id='line_1_17' title="bbox 165 1315 1987 1371; baseline -0.003 -13"><span class='ocrx_word' id='word_1_145' title='bbox 165 1320 370 1371; x_wconf 74' lang='grc' dir='ltr'><em>μεγάροισι</em></span> <span class='ocrx_word' id='word_1_146' title='bbox 411 1332 497 1361; x_wconf 87' lang='lat' dir='ltr'>una</span> <span class='ocrx_word' id='word_1_147' title='bbox 538 1333 644 1362; x_wconf 85' lang='lat' dir='ltr'>voce</span> <span class='ocrx_word' id='word_1_148' title='bbox 685 1323 1005 1371; x_wconf 88' lang='lat' dir='ltr'>continuatum,</span> <span class='ocrx_word' id='word_1_149' title='bbox 1044 1322 1190 1370; x_wconf 90' lang='lat' dir='ltr'>qualia</span> <span class='ocrx_word' id='word_1_150' title='bbox 1223 1324 1267 1361; x_wconf 89' lang='lat' dir='ltr'>et</span> <span class='ocrx_word' id='word_1_151' title='bbox 1298 1322 1403 1361; x_wconf 91' lang='lat' dir='ltr'>olim</span> <span class='ocrx_word' id='word_1_152' title='bbox 1436 1330 1566 1369; x_wconf 87' lang='lat' dir='ltr'>saepe</span> <span class='ocrx_word' id='word_1_153' title='bbox 1595 1319 1700 1358; x_wconf 90' lang='lat' dir='ltr'>sunt</span> <span class='ocrx_word' id='word_1_154' title='bbox 1731 1317 1912 1356; x_wconf 80' lang='lat' dir='ltr'>exarata</span> <span class='ocrx_word' id='word_1_155' title='bbox 1944 1315 1987 1353; x_wconf 92' lang='lat' dir='ltr'>et</span> 
     </span>
     <span class='ocr_line' id='line_1_18' title="bbox 165 1383 1693 1439; baseline -0.001 -11"><span class='ocrx_word' id='word_1_156' title='bbox 165 1389 331 1438; x_wconf 89' lang='lat' dir='ltr'>passim</span> <span class='ocrx_word' id='word_1_157' title='bbox 365 1391 619 1430; x_wconf 89' lang='lat' dir='ltr'>etiamnunc</span> <span class='ocrx_word' id='word_1_158' title='bbox 650 1391 933 1430; x_wconf 89' lang='lat' dir='ltr'>inveniuntur</span> <span class='ocrx_word' id='word_1_159' title='bbox 965 1391 1009 1429; x_wconf 93' lang='lat' dir='ltr'>in</span> <span class='ocrx_word' id='word_1_160' title='bbox 1042 1391 1248 1439; x_wconf 85' lang='lat' dir='ltr'>papyrise</span> <span class='ocrx_word' id='word_1_161' title='bbox 1278 1392 1322 1428; x_wconf 90' lang='lat' dir='ltr'>et</span> <span class='ocrx_word' id='word_1_162' title='bbox 1353 1390 1397 1428; x_wconf 91' lang='lat' dir='ltr'>in</span> <span class='ocrx_word' id='word_1_163' title='bbox 1431 1388 1649 1428; x_wconf 89' lang='lat' dir='ltr'>codicibus</span> <span class='ocrx_word' id='word_1_164' title='bbox 1663 1383 1693 1427; x_wconf 80' lang='lat' dir='ltr'>f.</span> 
     </span>
    </p>

    <p class='ocr_par' dir='ltr' id='par_1_5' title="bbox 165 1452 1990 1777">
     <span class='ocr_line' id='line_1_19' title="bbox 282 1452 1981 1506; baseline -0.005 -11"><span class='ocrx_word' id='word_1_165' title='bbox 282 1457 332 1495; x_wconf 93' lang='lat' dir='ltr'>In</span> <span class='ocrx_word' id='word_1_166' title='bbox 350 1460 635 1506; x_wconf 75' lang='lat' dir='ltr'>compositione</span> <span class='ocrx_word' id='word_1_167' title='bbox 653 1468 755 1498; x_wconf 91' lang='lat' dir='ltr'>vero</span> <span class='ocrx_word' id='word_1_168' title='bbox 783 1461 826 1497; x_wconf 89' lang='lat' dir='ltr'>et</span> <span class='ocrx_word' id='word_1_169' title='bbox 853 1460 952 1506; x_wconf 91' lang='lat' dir='ltr'>post</span> <span class='ocrx_word' id='word_1_170' title='bbox 977 1460 1254 1506; x_wconf 66' lang='lat' dir='ltr'>augmentum</span> <span class='ocrx_word' id='word_1_171' title='bbox 1271 1456 1553 1495; x_wconf 85' lang='lat' dir='ltr'>semivocalis</span> <span class='ocrx_word' id='word_1_172' title='bbox 1570 1454 1730 1493; x_wconf 90' lang='lat' dir='ltr'>melius</span> <span class='ocrx_word' id='word_1_173' title='bbox 1746 1452 1981 1496; x_wconf 73' lang='lat' dir='ltr'>iteratur9;</span> 
     </span>
     <span class='ocr_line' id='line_1_20' title="bbox 165 1516 1990 1578; baseline -0.005 -15"><span class='ocrx_word' id='word_1_174' title='bbox 165 1526 282 1563; x_wconf 89' lang='lat' dir='ltr'>recte</span> <span class='ocrx_word' id='word_1_175' title='bbox 324 1525 456 1573; x_wconf 87' lang='lat' dir='ltr'>igitur</span> <span class='ocrx_word' id='word_1_176' title='bbox 497 1526 659 1565; x_wconf 89' lang='lat' dir='ltr'>habent</span> <span class='ocrx_word' id='word_1_177' title='bbox 699 1524 840 1578; x_wconf 49' lang='grc' dir='ltr'><em>ἔρραδε</em></span> <span class='ocrx_word' id='word_1_178' title='bbox 881 1528 925 1564; x_wconf 88' lang='lat' dir='ltr'>et</span> <span class='ocrx_word' id='word_1_179' title='bbox 966 1536 1075 1574; x_wconf 89' lang='lat' dir='ltr'>quae</span> <span class='ocrx_word' id='word_1_180' title='bbox 1114 1526 1278 1564; x_wconf 85' lang='lat' dir='ltr'>tradita</span> <span class='ocrx_word' id='word_1_181' title='bbox 1309 1526 1413 1564; x_wconf 88' lang='lat' dir='ltr'>sunt</span> <span class='ocrx_word' id='word_1_182' title='bbox 1444 1522 1678 1571; x_wconf 70' lang='grc' dir='ltr'><em>ἀπολλῐῑξαι,</em></span> <span class='ocrx_word' id='word_1_183' title='bbox 1707 1516 1990 1569; x_wconf 82' lang='grc' dir='ltr'><em>φιλομμειδήσ,</em></span> 
     </span>
     <span class='ocr_line' id='line_1_21' title="bbox 165 1583 1989 1643; baseline -0.004 -14"><span class='ocrx_word' id='word_1_184' title='bbox 165 1589 408 1642; x_wconf 78' lang='grc' dir='ltr'><em>ἀγάννιφοσ,</em></span> <span class='ocrx_word' id='word_1_185' title='bbox 434 1591 647 1643; x_wconf 80' lang='grc' dir='ltr'><em>ἀγάρροοσ,</em></span> <span class='ocrx_word' id='word_1_186' title='bbox 679 1591 877 1632; x_wconf 82' lang='grc' dir='ltr'><em>ἐσσείοντο</em></span> <span class='ocrx_word' id='word_1_187' title='bbox 891 1591 923 1631; x_wconf 69' lang='lat' dir='ltr'>h.</span> <span class='ocrx_word' id='word_1_188' title='bbox 950 1593 1156 1632; x_wconf 86' lang='lat' dir='ltr'>Fortasse</span> <span class='ocrx_word' id='word_1_189' title='bbox 1189 1595 1336 1632; x_wconf 82' lang='lat' dir='ltr'>autem</span> <span class='ocrx_word' id='word_1_190' title='bbox 1365 1590 1516 1642; x_wconf 76' lang='grc' dir='ltr'>ἔλλαβε,</span> <span class='ocrx_word' id='word_1_191' title='bbox 1541 1589 1710 1640; x_wconf 73' lang='grc' dir='ltr'>ἕμμαθε,</span> <span class='ocrx_word' id='word_1_192' title='bbox 1735 1590 1843 1635; x_wconf 66' lang='lat' dir='ltr'>-oso,</span> <span class='ocrx_word' id='word_1_193' title='bbox 1857 1583 1989 1635; x_wconf 78' lang='grc' dir='ltr'><em>ἔλλαχε</em></span> 
     </span>
     <span class='ocr_line' id='line_1_22' title="bbox 167 1652 1986 1710; baseline -0.004 -12"><span class='ocrx_word' id='word_1_194' title='bbox 167 1668 222 1698; x_wconf 83' lang='lat' dir='ltr'>ex</span> <span class='ocrx_word' id='word_1_195' title='bbox 263 1656 435 1710; x_wconf 79' lang='grc' dir='ltr'>ἔλέλαβε,</span> <span class='ocrx_word' id='word_1_196' title='bbox 475 1657 665 1710; x_wconf 82' lang='grc' dir='ltr'>ἐμέμαθε,</span> <span class='ocrx_word' id='word_1_197' title='bbox 703 1663 812 1709; x_wconf 76' lang='grc' dir='ltr'><em>-θεσ,</em></span> <span class='ocrx_word' id='word_1_198' title='bbox 854 1658 1006 1710; x_wconf 82' lang='grc' dir='ltr'><em>ἐλέλαχε</em></span> <span class='ocrx_word' id='word_1_199' title='bbox 1048 1663 1150 1699; x_wconf 90' lang='lat' dir='ltr'>sunt</span> <span class='ocrx_word' id='word_1_200' title='bbox 1193 1662 1311 1708; x_wconf 88' lang='lat' dir='ltr'>nata,</span> <span class='ocrx_word' id='word_1_201' title='bbox 1354 1661 1404 1698; x_wconf 94' lang='lat' dir='ltr'>ut</span> <span class='ocrx_word' id='word_1_202' title='bbox 1444 1659 1582 1697; x_wconf 86' lang='lat' dir='ltr'>latina</span> <span class='ocrx_word' id='word_1_203' title='bbox 1618 1655 1781 1704; x_wconf 81' lang='lat' dir='ltr'>reccidi,</span> <span class='ocrx_word' id='word_1_204' title='bbox 1812 1652 1986 1702; x_wconf 75' lang='lat' dir='ltr'>reppuli,</span> 
     </span>
     <span class='ocr_line' id='line_1_23' title="bbox 166 1725 1031 1777; baseline 0.001 -12"><span class='ocrx_word' id='word_1_205' title='bbox 166 1726 304 1765; x_wconf 78' lang='lat' dir='ltr'>rettuli</span> <span class='ocrx_word' id='word_1_206' title='bbox 336 1737 358 1766; x_wconf 92' lang='lat' dir='ltr'>e</span> <span class='ocrx_word' id='word_1_207' title='bbox 388 1728 572 1777; x_wconf 75' lang='lat' dir='ltr'>rececidi,</span> <span class='ocrx_word' id='word_1_208' title='bbox 605 1728 801 1777; x_wconf 79' lang='lat' dir='ltr'>repepuli,</span> <span class='ocrx_word' id='word_1_209' title='bbox 834 1728 992 1767; x_wconf 78' lang='lat' dir='ltr'>retetuli</span> <span class='ocrx_word' id='word_1_210' title='bbox 1009 1725 1031 1766; x_wconf 78' lang='grc' dir='ltr'>ῖ.</span> 
     </span>
    </p>
   </div>
   <div class='ocr_carea' id='block_1_3' title="bbox 171 1825 311 1830">
    <p class='ocr_par' dir='ltr' id='par_1_6' title="bbox 171 1825 311 1830">
     <span class='ocr_line' id='line_1_24' title="bbox 171 1825 311 1830; baseline 0 0"><span class='ocrx_word' id='word_1_211' title='bbox 171 1825 311 1830; x_wconf 95' lang='lat' dir='ltr'> </span> 
     </span>
    </p>
   </div>
   <div class='ocr_carea' id='block_1_4' title="bbox 315 1826 490 1830">
    <p class='ocr_par' dir='ltr' id='par_1_7' title="bbox 315 1826 490 1830">
     <span class='ocr_line' id='line_1_25' title="bbox 315 1826 490 1830; baseline 0 0"><span class='ocrx_word' id='word_1_212' title='bbox 315 1826 490 1830; x_wconf 95' lang='lat' dir='ltr'> </span> 
     </span>
    </p>
   </div>
   <div class='ocr_carea' id='block_1_5' title="bbox 165 1877 1990 3185">
    <p class='ocr_par' dir='ltr' id='par_1_8' title="bbox 165 1877 1990 2609">
     <span class='ocr_line' id='line_1_26' title="bbox 253 1877 1988 1921; baseline -0.004 -8"><span class='ocrx_word' id='word_1_213' title='bbox 253 1893 274 1913; x_wconf 83' lang='lat' dir='ltr'>a</span> <span class='ocrx_word' id='word_1_214' title='bbox 297 1895 317 1912; x_wconf 82' lang='grc' dir='ltr'><em>οι</em></span> <span class='ocrx_word' id='word_1_215' title='bbox 341 1884 394 1913; x_wconf 86' lang='grc'>56.</span> <span class='ocrx_word' id='word_1_216' title='bbox 573 1882 588 1912; x_wconf 84' lang='lat' dir='ltr'><em>b</em></span> <span class='ocrx_word' id='word_1_217' title='bbox 613 1881 714 1912; x_wconf 86' lang='lat' dir='ltr'>Locis</span> <span class='ocrx_word' id='word_1_218' title='bbox 742 1884 802 1912; x_wconf 84' lang='lat'>135</span> <span class='ocrx_word' id='word_1_219' title='bbox 828 1883 1020 1921; x_wconf 78' lang='lat' dir='ltr'>particulae</span> <span class='ocrx_word' id='word_1_220' title='bbox 1046 1882 1079 1911; x_wconf 81' lang='grc' dir='ltr'>δέ</span> <span class='ocrx_word' id='word_1_221' title='bbox 1104 1885 1138 1911; x_wconf 86' lang='lat' dir='ltr'>et</span> <span class='ocrx_word' id='word_1_222' title='bbox 1162 1893 1194 1912; x_wconf 79' lang='grc' dir='ltr'>τε</span> <span class='ocrx_word' id='word_1_223' title='bbox 1217 1882 1309 1912; x_wconf 86' lang='lat' dir='ltr'>arsin</span> <span class='ocrx_word' id='word_1_224' title='bbox 1334 1883 1384 1912; x_wconf 88' lang='lat' dir='ltr'>sic</span> <span class='ocrx_word' id='word_1_225' title='bbox 1408 1882 1576 1912; x_wconf 83' lang='lat' dir='ltr'>obtinent.</span> <span class='ocrx_word' id='word_1_226' title='bbox 1752 1887 1768 1908; x_wconf 82' lang='lat' dir='ltr'>c</span> <span class='ocrx_word' id='word_1_227' title='bbox 1795 1878 1903 1913; x_wconf 77' lang='lat' dir='ltr'>„Eine</span> <span class='ocrx_word' id='word_1_228' title='bbox 1927 1877 1988 1906; x_wconf 88' lang='lat' dir='ltr'>der</span> 
     </span>
     <span class='ocr_line' id='line_1_27' title="bbox 167 1929 1988 1975; baseline -0.004 -9"><span class='ocrx_word' id='word_1_229' title='bbox 167 1936 411 1975; x_wconf 77' lang='lat' dir='ltr'>„Aussprache</span> <span class='ocrx_word' id='word_1_230' title='bbox 445 1936 671 1967; x_wconf 85' lang='lat' dir='ltr'>iiberlassene</span> <span class='ocrx_word' id='word_1_231' title='bbox 708 1936 926 1974; x_wconf 83' lang='lat' dir='ltr'>Schwellung</span> <span class='ocrx_word' id='word_1_232' title='bbox 962 1936 1022 1966; x_wconf 89' lang='lat' dir='ltr'>des</span> <span class='ocrx_word' id='word_1_233' title='bbox 1061 1935 1249 1973; x_wconf 77' lang='lat' dir='ltr'>folgenden</span> <span class='ocrx_word' id='word_1_234' title='bbox 1287 1936 1540 1970; x_wconf 83' lang='lat' dir='ltr'>Consonanten,</span> <span class='ocrx_word' id='word_1_235' title='bbox 1571 1933 1626 1962; x_wconf 91' lang='lat' dir='ltr'>die</span> <span class='ocrx_word' id='word_1_236' title='bbox 1657 1933 1751 1962; x_wconf 88' lang='lat' dir='ltr'>einer</span> <span class='ocrx_word' id='word_1_237' title='bbox 1780 1929 1988 1968; x_wconf 83' lang='lat' dir='ltr'>Doppelung</span> 
     </span>
     <span class='ocr_line' id='line_1_28' title="bbox 167 1983 1988 2027; baseline -0.004 -8"><span class='ocrx_word' id='word_1_238' title='bbox 167 1989 303 2027; x_wconf 82' lang='lat' dir='ltr'>„gleich</span> <span class='ocrx_word' id='word_1_239' title='bbox 335 1987 449 2023; x_wconf 84' lang='lat' dir='ltr'>kam’&#39;,</span> <span class='ocrx_word' id='word_1_240' title='bbox 481 1988 662 2019; x_wconf 86' lang='lat' dir='ltr'>Mehlhorn</span> <span class='ocrx_word' id='word_1_241' title='bbox 689 1990 774 2018; x_wconf 82' lang='lat'>1843</span> <span class='ocrx_word' id='word_1_242' title='bbox 800 1997 916 2027; x_wconf 87' lang='lat' dir='ltr'>progr.</span> <span class='ocrx_word' id='word_1_243' title='bbox 940 1987 1065 2023; x_wconf 81' lang='lat' dir='ltr'>Ratib.,</span> <span class='ocrx_word' id='word_1_244' title='bbox 1087 1988 1229 2018; x_wconf 85' lang='lat' dir='ltr'>vHartel</span> <span class='ocrx_word' id='word_1_245' title='bbox 1254 1988 1301 2017; x_wconf 89' lang='lat'>1.1.</span> <span class='ocrx_word' id='word_1_246' title='bbox 1326 1988 1342 2017; x_wconf 97' lang='lat' dir='ltr'>I</span> <span class='ocrx_word' id='word_1_247' title='bbox 1367 1987 1442 2023; x_wconf 76' lang='lat'>407,</span> <span class='ocrx_word' id='word_1_248' title='bbox 1466 1987 1506 2021; x_wconf 73' lang='lat' dir='ltr'>G.</span> <span class='ocrx_word' id='word_1_249' title='bbox 1530 1985 1663 2023; x_wconf 84' lang='lat' dir='ltr'>Meyer2</span> <span class='ocrx_word' id='word_1_250' title='bbox 1688 1984 1750 2014; x_wconf 90' lang='lat'>177</span> <span class='ocrx_word' id='word_1_251' title='bbox 1775 1985 1809 2013; x_wconf 89' lang='lat' dir='ltr'>et</span> <span class='ocrx_word' id='word_1_252' title='bbox 1834 1983 1897 2012; x_wconf 87' lang='lat'>279</span> <span class='ocrx_word' id='word_1_253' title='bbox 1923 1990 1988 2019; x_wconf 91' lang='lat' dir='ltr'>sq.,</span> 
     </span>
     <span class='ocr_line' id='line_1_29' title="bbox 165 2033 1987 2080; baseline -0.004 -8"><span class='ocrx_word' id='word_1_254' title='bbox 165 2041 314 2072; x_wconf 83' lang='lat' dir='ltr'>Schulze</span> <span class='ocrx_word' id='word_1_255' title='bbox 330 2042 468 2078; x_wconf 84' lang='lat' dir='ltr'>Quaest.</span> <span class='ocrx_word' id='word_1_256' title='bbox 483 2042 545 2080; x_wconf 87' lang='lat' dir='ltr'>Ep.</span> <span class='ocrx_word' id='word_1_257' title='bbox 563 2043 638 2078; x_wconf 83' lang='lat'>465,</span> <span class='ocrx_word' id='word_1_258' title='bbox 662 2042 760 2071; x_wconf 81' lang='lat' dir='ltr'>Blass</span> <span class='ocrx_word' id='word_1_259' title='bbox 783 2042 817 2071; x_wconf 93' lang='lat' dir='ltr'>in</span> <span class='ocrx_word' id='word_1_260' title='bbox 842 2042 996 2071; x_wconf 82' lang='lat' dir='ltr'>Kiihneri</span> <span class='ocrx_word' id='word_1_261' title='bbox 1020 2042 1107 2071; x_wconf 89' lang='lat' dir='ltr'>libro</span> <span class='ocrx_word' id='word_1_262' title='bbox 1132 2041 1147 2070; x_wconf 97' lang='lat' dir='ltr'>I</span> <span class='ocrx_word' id='word_1_263' title='bbox 1172 2041 1248 2071; x_wconf 83' lang='lat'>311.</span> <span class='ocrx_word' id='word_1_264' title='bbox 1272 2040 1322 2070; x_wconf 84' lang='lat' dir='ltr'>Ad</span> <span class='ocrx_word' id='word_1_265' title='bbox 1351 2038 1546 2070; x_wconf 89' lang='lat' dir='ltr'>cuiusmodi</span> <span class='ocrx_word' id='word_1_266' title='bbox 1569 2046 1672 2068; x_wconf 83' lang='lat' dir='ltr'>sonos</span> <span class='ocrx_word' id='word_1_267' title='bbox 1696 2035 1933 2075; x_wconf 89' lang='lat' dir='ltr'>depingendos</span> <span class='ocrx_word' id='word_1_268' title='bbox 1952 2033 1987 2064; x_wconf 89' lang='lat' dir='ltr'>in</span> 
     </span>
     <span class='ocr_line' id='line_1_30' title="bbox 165 2086 1988 2132; baseline -0.004 -9"><span class='ocrx_word' id='word_1_269' title='bbox 165 2096 312 2124; x_wconf 84' lang='lat' dir='ltr'>vetustis</span> <span class='ocrx_word' id='word_1_270' title='bbox 329 2093 616 2132; x_wconf 85' lang='lat' dir='ltr'>inscriptionibus</span> <span class='ocrx_word' id='word_1_271' title='bbox 637 2095 874 2132; x_wconf 87' lang='lat' dir='ltr'>compluribus</span> <span class='ocrx_word' id='word_1_272' title='bbox 895 2095 1030 2124; x_wconf 81' lang='lat' dir='ltr'>litterae</span> <span class='ocrx_word' id='word_1_273' title='bbox 1051 2094 1175 2124; x_wconf 77' lang='lat' dir='ltr'>initiali</span> <span class='ocrx_word' id='word_1_274' title='bbox 1195 2097 1209 2123; x_wconf 76' lang='grc'>2.</span> <span class='ocrx_word' id='word_1_275' title='bbox 1229 2094 1282 2123; x_wconf 87' lang='lat' dir='ltr'>vel</span> <span class='ocrx_word' id='word_1_276' title='bbox 1297 2106 1318 2129; x_wconf 88' lang='grc' dir='ltr'>μ</span> <span class='ocrx_word' id='word_1_277' title='bbox 1332 2093 1488 2123; x_wconf 86' lang='lat' dir='ltr'>subiecta</span> <span class='ocrx_word' id='word_1_278' title='bbox 1501 2093 1681 2122; x_wconf 85' lang='lat' dir='ltr'>estlittera</span> <span class='ocrx_word' id='word_1_279' title='bbox 1696 2090 1812 2119; x_wconf 88' lang='lat' dir='ltr'>Hsive</span> <span class='ocrx_word' id='word_1_280' title='bbox 1826 2088 1864 2118; x_wconf 81' lang='lat' dir='ltr'>Iz:</span> <span class='ocrx_word' id='word_1_281' title='bbox 1878 2086 1988 2117; x_wconf 84' lang='grc' dir='ltr'><em>ΛΙιέων</em></span> 
     </span>
     <span class='ocr_line' id='line_1_31' title="bbox 168 2141 1987 2186; baseline -0.004 -9"><span class='ocrx_word' id='word_1_282' title='bbox 168 2146 248 2183; x_wconf 68' lang='lat' dir='ltr'>Ait„</span> <span class='ocrx_word' id='word_1_283' title='bbox 269 2145 424 2177; x_wconf 76' lang='grc' dir='ltr'><em>ΛΙιεοντίσ</em></span> <span class='ocrx_word' id='word_1_284' title='bbox 448 2146 600 2179; x_wconf 85' lang='lat' dir='ltr'>Corinth.</span> <span class='ocrx_word' id='word_1_285' title='bbox 626 2148 712 2176; x_wconf 85' lang='lat'>3140</span> <span class='ocrx_word' id='word_1_286' title='bbox 725 2157 755 2182; x_wconf 75' lang='grc' dir='ltr'><em>ιι,</em></span> <span class='ocrx_word' id='word_1_287' title='bbox 779 2146 904 2186; x_wconf 71' lang='grc' dir='ltr'><em>λΙιαβών</em></span> <span class='ocrx_word' id='word_1_288' title='bbox 929 2147 1048 2184; x_wconf 81' lang='lat' dir='ltr'>Aegin.</span> <span class='ocrx_word' id='word_1_289' title='bbox 1074 2148 1173 2183; x_wconf 82' lang='lat'>3416,</span> <span class='ocrx_word' id='word_1_290' title='bbox 1196 2145 1355 2184; x_wconf 80' lang='grc' dir='ltr'><em>μΙιεγάλου</em></span> <span class='ocrx_word' id='word_1_291' title='bbox 1369 2148 1403 2175; x_wconf 90' lang='lat' dir='ltr'>et</span> <span class='ocrx_word' id='word_1_292' title='bbox 1418 2145 1566 2183; x_wconf 81' lang='grc' dir='ltr'><em>ΜΙιόψοσ</em></span> <span class='ocrx_word' id='word_1_293' title='bbox 1579 2145 1659 2178; x_wconf 80' lang='lat' dir='ltr'>Att..</span> <span class='ocrx_word' id='word_1_294' title='bbox 1675 2142 1868 2183; x_wconf 78' lang='grc' dir='ltr'><em>ΜῘιεγοιρεύσ</em></span> <span class='ocrx_word' id='word_1_295' title='bbox 1882 2141 1987 2171; x_wconf 84' lang='lat' dir='ltr'>Selin.</span> 
     </span>
     <span class='ocr_line' id='line_1_32' title="bbox 168 2193 1987 2240; baseline -0.004 -10"><span class='ocrx_word' id='word_1_296' title='bbox 168 2200 256 2230; x_wconf 77' lang='lat'>3045</span> <span class='ocrx_word' id='word_1_297' title='bbox 276 2202 310 2230; x_wconf 86' lang='lat' dir='ltr'>et</span> <span class='ocrx_word' id='word_1_298' title='bbox 327 2200 420 2230; x_wconf 87' lang='lat' dir='ltr'>Prot.</span> <span class='ocrx_word' id='word_1_299' title='bbox 440 2198 622 2240; x_wconf 85' lang='lat' dir='ltr'>(Mnemos.</span> <span class='ocrx_word' id='word_1_300' title='bbox 643 2198 796 2240; x_wconf 81' lang='lat' dir='ltr'>XXXII),</span> <span class='ocrx_word' id='word_1_301' title='bbox 816 2199 973 2234; x_wconf 77' lang='grc' dir='ltr'><em>ΜΙιείξιοσ</em></span> <span class='ocrx_word' id='word_1_302' title='bbox 1000 2198 1136 2237; x_wconf 87' lang='lat' dir='ltr'>Corcyr.</span> <span class='ocrx_word' id='word_1_303' title='bbox 1159 2201 1258 2236; x_wconf 87' lang='lat'>3190,</span> <span class='ocrx_word' id='word_1_304' title='bbox 1277 2198 1407 2237; x_wconf 79' lang='grc' dir='ltr'><em>μΙιιιάλη</em></span> <span class='ocrx_word' id='word_1_305' title='bbox 1426 2198 1606 2236; x_wconf 78' lang='lat' dir='ltr'>Pamphyl.</span> <span class='ocrx_word' id='word_1_306' title='bbox 1629 2197 1726 2227; x_wconf 83' lang='grc'>1267.</span> <span class='ocrx_word' id='word_1_307' title='bbox 1861 2193 1883 2224; x_wconf 86' lang='lat' dir='ltr'><em>d</em></span> <span class='ocrx_word' id='word_1_308' title='bbox 1901 2194 1920 2233; x_wconf 61' lang='grc' dir='ltr'>ᾖ</span> <span class='ocrx_word' id='word_1_309' title='bbox 1936 2194 1987 2224; x_wconf 90' lang='grc'>19.</span> 
     </span>
     <span class='ocr_line' id='line_1_33' title="bbox 167 2249 1987 2293; baseline -0.003 -11"><span class='ocrx_word' id='word_1_310' title='bbox 167 2253 256 2283; x_wconf 84' lang='lat' dir='ltr'>Sono</span> <span class='ocrx_word' id='word_1_311' title='bbox 286 2254 317 2292; x_wconf 80' lang='grc' dir='ltr'>ῥ-</span> <span class='ocrx_word' id='word_1_312' title='bbox 349 2253 384 2282; x_wconf 91' lang='lat' dir='ltr'>in</span> <span class='ocrx_word' id='word_1_313' title='bbox 408 2252 523 2283; x_wconf 84' lang='lat' dir='ltr'>Attica</span> <span class='ocrx_word' id='word_1_314' title='bbox 553 2252 651 2292; x_wconf 75' lang='lat' dir='ltr'>poeni</span> <span class='ocrx_word' id='word_1_315' title='bbox 677 2254 868 2293; x_wconf 84' lang='lat' dir='ltr'>permansit</span> <span class='ocrx_word' id='word_1_316' title='bbox 890 2256 1045 2292; x_wconf 81' lang='lat' dir='ltr'>potestas</span> <span class='ocrx_word' id='word_1_317' title='bbox 1069 2253 1238 2291; x_wconf 80' lang='lat' dir='ltr'>syllabam</span> <span class='ocrx_word' id='word_1_318' title='bbox 1261 2254 1488 2291; x_wconf 80' lang='lat' dir='ltr'>praemissam</span> <span class='ocrx_word' id='word_1_319' title='bbox 1511 2249 1737 2290; x_wconf 86' lang='lat' dir='ltr'>producendi,</span> <span class='ocrx_word' id='word_1_320' title='bbox 1760 2257 1812 2279; x_wconf 82' lang='lat' dir='ltr'>ex.</span> <span class='ocrx_word' id='word_1_321' title='bbox 1837 2257 1905 2286; x_wconf 63' lang='lat' dir='ltr'>gn:</span> <span class='ocrx_word' id='word_1_322' title='bbox 1932 2249 1987 2277; x_wconf 82' lang='grc' dir='ltr'>οὐκ</span> 
     </span>
     <span class='ocr_line' id='line_1_34' title="bbox 165 2300 1989 2345; baseline -0.003 -11"><span class='ocrx_word' id='word_1_323' title='bbox 165 2305 235 2335; x_wconf 67' lang='grc' dir='ltr'><em>ἔσθ’</em></span> <span class='ocrx_word' id='word_1_324' title='bbox 269 2305 356 2335; x_wconf 81' lang='grc' dir='ltr'><em>ὅπωσ</em></span> <span class='ocrx_word' id='word_1_325' title='bbox 375 2306 391 2334; x_wconf 78' lang='grc' dir='ltr'>ὁ</span> <span class='ocrx_word' id='word_1_326' title='bbox 415 2306 563 2344; x_wconf 80' lang='grc' dir='ltr'><em>χρησμὸσ</em></span> <span class='ocrx_word' id='word_1_327' title='bbox 586 2307 632 2336; x_wconf 81' lang='grc' dir='ltr'><em>εἰσ</em></span> <span class='ocrx_word' id='word_1_328' title='bbox 656 2310 748 2336; x_wconf 75' lang='grc' dir='ltr'><em>τοῦτο</em></span> <span class='ocrx_word' id='word_1_329' title='bbox 772 2307 856 2345; x_wconf 79' lang='grc' dir='ltr'><em>ῥέπει</em></span> <span class='ocrx_word' id='word_1_330' title='bbox 880 2306 935 2336; x_wconf 87' lang='lat' dir='ltr'>Ar.</span> <span class='ocrx_word' id='word_1_331' title='bbox 960 2306 1051 2336; x_wconf 78' lang='lat' dir='ltr'>Piut.</span> <span class='ocrx_word' id='word_1_332' title='bbox 1077 2307 1130 2341; x_wconf 88' lang='lat'>51,</span> <span class='ocrx_word' id='word_1_333' title='bbox 1154 2309 1228 2343; x_wconf 79' lang='grc' dir='ltr'><em>μήτε</em></span> <span class='ocrx_word' id='word_1_334' title='bbox 1252 2307 1344 2344; x_wconf 81' lang='grc' dir='ltr'><em>ῥιγῶν</em></span> <span class='ocrx_word' id='word_1_335' title='bbox 1366 2305 1466 2344; x_wconf 75' lang='grc' dir='ltr'><em>ἄχθει</em></span> <span class='ocrx_word' id='word_1_336' title='bbox 1489 2308 1557 2334; x_wconf 73' lang='grc' dir='ltr'><em>λίαν</em></span> <span class='ocrx_word' id='word_1_337' title='bbox 1580 2302 1671 2333; x_wconf 89' lang='lat' dir='ltr'>Nub.</span> <span class='ocrx_word' id='word_1_338' title='bbox 1696 2303 1771 2337; x_wconf 80' lang='lat'>416,</span> <span class='ocrx_word' id='word_1_339' title='bbox 1796 2300 1876 2330; x_wconf 77' lang='grc' dir='ltr'><em>τοῦτ’</em></span> <span class='ocrx_word' id='word_1_340' title='bbox 1905 2300 1989 2342; x_wconf 45' lang='grc' dir='ltr'><em>ἐστὶν</em></span> 
     </span>
     <span class='ocr_line' id='line_1_35' title="bbox 168 2351 1987 2400; baseline -0.003 -13"><span class='ocrx_word' id='word_1_341' title='bbox 168 2358 225 2396; x_wconf 79' lang='grc' dir='ltr'>ἤδη</span> <span class='ocrx_word' id='word_1_342' title='bbox 258 2355 389 2400; x_wconf 79' lang='grc' dir='ltr'><em>τοῦργον</em></span> <span class='ocrx_word' id='word_1_343' title='bbox 417 2360 463 2388; x_wconf 83' lang='grc' dir='ltr'><em>εἰσ</em></span> <span class='ocrx_word' id='word_1_344' title='bbox 490 2360 542 2396; x_wconf 71' lang='grc' dir='ltr'>ἐμό</span> <span class='ocrx_word' id='word_1_345' title='bbox 566 2359 660 2397; x_wconf 79' lang='grc' dir='ltr'><em>ῥέπον</em></span> <span class='ocrx_word' id='word_1_346' title='bbox 684 2359 789 2397; x_wconf 88' lang='lat' dir='ltr'>Soph.</span> <span class='ocrx_word' id='word_1_347' title='bbox 815 2359 897 2389; x_wconf 85' lang='lat' dir='ltr'>oed.</span> <span class='ocrx_word' id='word_1_348' title='bbox 922 2359 959 2388; x_wconf 81' lang='lat' dir='ltr'>R.</span> <span class='ocrx_word' id='word_1_349' title='bbox 985 2359 1063 2395; x_wconf 81' lang='lat'>847,</span> <span class='ocrx_word' id='word_1_350' title='bbox 1087 2362 1116 2388; x_wconf 78' lang='grc' dir='ltr'>τί</span> <span class='ocrx_word' id='word_1_351' title='bbox 1139 2359 1173 2388; x_wconf 82' lang='grc' dir='ltr'>δὲ</span> <span class='ocrx_word' id='word_1_352' title='bbox 1197 2359 1363 2397; x_wconf 74' lang='grc' dir='ltr'><em>ῥυθμίζεισ</em></span> <span class='ocrx_word' id='word_1_353' title='bbox 1386 2359 1464 2388; x_wconf 87' lang='lat' dir='ltr'>Ant.</span> <span class='ocrx_word' id='word_1_354' title='bbox 1489 2358 1571 2393; x_wconf 84' lang='lat'>3183</span> <span class='ocrx_word' id='word_1_355' title='bbox 1597 2356 1681 2393; x_wconf 88' lang='lat' dir='ltr'>quin</span> <span class='ocrx_word' id='word_1_356' title='bbox 1705 2353 1810 2384; x_wconf 84' lang='lat' dir='ltr'>etiam</span> <span class='ocrx_word' id='word_1_357' title='bbox 1834 2353 1867 2382; x_wconf 91' lang='lat' dir='ltr'>iu</span> <span class='ocrx_word' id='word_1_358' title='bbox 1896 2351 1987 2387; x_wconf 74' lang='lat' dir='ltr'>thesi,</span> 
     </span>
     <span class='ocr_line' id='line_1_36' title="bbox 168 2405 1987 2450; baseline -0.003 -10"><span class='ocrx_word' id='word_1_359' title='bbox 168 2419 219 2440; x_wconf 85' lang='lat' dir='ltr'>ex.</span> <span class='ocrx_word' id='word_1_360' title='bbox 243 2419 309 2448; x_wconf 67' lang='lat' dir='ltr'>gn:</span> <span class='ocrx_word' id='word_1_361' title='bbox 336 2409 427 2441; x_wconf 81' lang='grc' dir='ltr'><em>αὗται</em></span> <span class='ocrx_word' id='word_1_362' title='bbox 450 2411 483 2441; x_wconf 70' lang='grc' dir='ltr'>δὲ</span> <span class='ocrx_word' id='word_1_363' title='bbox 506 2412 595 2450; x_wconf 83' lang='grc' dir='ltr'><em>ῥῖνασ</em></span> <span class='ocrx_word' id='word_1_364' title='bbox 620 2413 748 2450; x_wconf 75' lang='grc' dir='ltr'><em>ἔχουσιν</em></span> <span class='ocrx_word' id='word_1_365' title='bbox 774 2412 830 2442; x_wconf 85' lang='lat' dir='ltr'>Ar.</span> <span class='ocrx_word' id='word_1_366' title='bbox 854 2412 943 2442; x_wconf 89' lang='lat' dir='ltr'>Nub.</span> <span class='ocrx_word' id='word_1_367' title='bbox 969 2413 1045 2447; x_wconf 82' lang='lat'>343,</span> <span class='ocrx_word' id='word_1_368' title='bbox 1070 2413 1122 2441; x_wconf 82' lang='grc' dir='ltr'><em>ἴσα</em></span> <span class='ocrx_word' id='word_1_369' title='bbox 1147 2412 1197 2440; x_wconf 75' lang='grc' dir='ltr'>καὶ</span> <span class='ocrx_word' id='word_1_370' title='bbox 1223 2412 1259 2440; x_wconf 82' lang='grc' dir='ltr'><em>ιὰ</em></span> <span class='ocrx_word' id='word_1_371' title='bbox 1284 2412 1406 2450; x_wconf 76' lang='grc' dir='ltr'><strong><em>ῥήματα</em></strong></span> <span class='ocrx_word' id='word_1_372' title='bbox 1428 2414 1542 2440; x_wconf 77' lang='grc' dir='ltr'><em>τίκτειν</em></span> <span class='ocrx_word' id='word_1_373' title='bbox 1565 2410 1648 2440; x_wconf 86' lang='lat' dir='ltr'>Rau.</span> <span class='ocrx_word' id='word_1_374' title='bbox 1671 2408 1768 2438; x_wconf 87' lang='lat'>1059.</span> <span class='ocrx_word' id='word_1_375' title='bbox 1784 2405 1858 2436; x_wconf 90' lang='lat' dir='ltr'>Non</span> <span class='ocrx_word' id='word_1_376' title='bbox 1872 2407 1987 2435; x_wconf 81' lang='lat' dir='ltr'>tamen</span> 
     </span>
     <span class='ocr_line' id='line_1_37' title="bbox 169 2458 1990 2504; baseline -0.003 -12"><span class='ocrx_word' id='word_1_377' title='bbox 169 2463 274 2503; x_wconf 79' lang='grc' dir='ltr'><em>σρέπιι</em></span> <span class='ocrx_word' id='word_1_378' title='bbox 305 2466 364 2492; x_wconf 87' lang='lat' dir='ltr'>aut</span> <span class='ocrx_word' id='word_1_379' title='bbox 392 2469 508 2502; x_wconf 67' lang='lat' dir='ltr'>fpzvaa</span> <span class='ocrx_word' id='word_1_380' title='bbox 539 2462 700 2494; x_wconf 85' lang='lat' dir='ltr'>dixerunt</span> <span class='ocrx_word' id='word_1_381' title='bbox 734 2464 962 2494; x_wconf 84' lang='lat' dir='ltr'>Athenienses</span> <span class='ocrx_word' id='word_1_382' title='bbox 994 2472 1076 2494; x_wconf 83' lang='lat' dir='ltr'>aevo</span> <span class='ocrx_word' id='word_1_383' title='bbox 1101 2462 1258 2497; x_wconf 86' lang='lat' dir='ltr'>Periclis,</span> <span class='ocrx_word' id='word_1_384' title='bbox 1282 2463 1365 2493; x_wconf 89' lang='lat' dir='ltr'>licet</span> <span class='ocrx_word' id='word_1_385' title='bbox 1388 2462 1530 2504; x_wconf 77' lang='grc' dir='ltr'><em>ωρΙιῖνασ</em></span> <span class='ocrx_word' id='word_1_386' title='bbox 1555 2464 1589 2492; x_wconf 86' lang='lat' dir='ltr'>et</span> <span class='ocrx_word' id='word_1_387' title='bbox 1616 2461 1742 2491; x_wconf 79' lang='lat' dir='ltr'>similia</span> <span class='ocrx_word' id='word_1_388' title='bbox 1764 2458 1807 2489; x_wconf 87' lang='lat' dir='ltr'>iis</span> <span class='ocrx_word' id='word_1_389' title='bbox 1830 2458 1990 2488; x_wconf 88' lang='lat' dir='ltr'>tribuerit</span> 
     </span>
     <span class='ocr_line' id='line_1_38' title="bbox 170 2512 1988 2557; baseline -0.003 -13"><span class='ocrx_word' id='word_1_390' title='bbox 170 2516 291 2545; x_wconf 79' lang='lat' dir='ltr'>Dawes</span> <span class='ocrx_word' id='word_1_391' title='bbox 315 2516 410 2546; x_wconf 83' lang='lat' dir='ltr'>Misc.</span> <span class='ocrx_word' id='word_1_392' title='bbox 434 2515 517 2546; x_wconf 89' lang='lat' dir='ltr'>Crit.</span> <span class='ocrx_word' id='word_1_393' title='bbox 542 2518 616 2546; x_wconf 87' lang='lat'>161.</span> <span class='ocrx_word' id='word_1_394' title='bbox 774 2526 790 2546; x_wconf 85' lang='lat' dir='ltr'>e</span> <span class='ocrx_word' id='word_1_395' title='bbox 815 2517 876 2546; x_wconf 88' lang='lat' dir='ltr'>Ex.</span> <span class='ocrx_word' id='word_1_396' title='bbox 900 2526 950 2555; x_wconf 88' lang='lat' dir='ltr'>gr.</span> <span class='ocrx_word' id='word_1_397' title='bbox 976 2517 1135 2546; x_wconf 75' lang='grc' dir='ltr'><em>δεννοτιοσ</em></span> <span class='ocrx_word' id='word_1_398' title='bbox 1160 2518 1194 2546; x_wconf 91' lang='lat' dir='ltr'>et</span> <span class='ocrx_word' id='word_1_399' title='bbox 1219 2516 1427 2557; x_wconf 75' lang='grc' dir='ltr'><em>υδατιλλιερωι</em></span> <span class='ocrx_word' id='word_1_400' title='bbox 1452 2514 1575 2556; x_wconf 87' lang='grc' dir='ltr'><em>(-αρωι)</em></span> <span class='ocrx_word' id='word_1_401' title='bbox 1597 2523 1677 2553; x_wconf 88' lang='lat' dir='ltr'>pap.</span> <span class='ocrx_word' id='word_1_402' title='bbox 1705 2513 1833 2544; x_wconf 85' lang='lat' dir='ltr'>Genev.</span> <span class='ocrx_word' id='word_1_403' title='bbox 1857 2513 1885 2540; x_wconf 86' lang='lat' dir='ltr'><em>A</em></span> <span class='ocrx_word' id='word_1_404' title='bbox 1911 2512 1988 2548; x_wconf 90' lang='lat'>811,</span> 
     </span>
     <span class='ocr_line' id='line_1_39' title="bbox 171 2564 1988 2609; baseline -0.003 -11"><span class='ocrx_word' id='word_1_405' title='bbox 171 2569 246 2604; x_wconf 88' lang='lat'>830,</span> <span class='ocrx_word' id='word_1_406' title='bbox 279 2580 510 2609; x_wconf 76' lang='grc' dir='ltr'><em>ενιμμεγαροισι</em></span> <span class='ocrx_word' id='word_1_407' title='bbox 545 2578 624 2608; x_wconf 88' lang='lat' dir='ltr'>pap.</span> <span class='ocrx_word' id='word_1_408' title='bbox 657 2570 802 2600; x_wconf 84' lang='lat' dir='ltr'>Bankes.</span> <span class='ocrx_word' id='word_1_409' title='bbox 838 2570 868 2599; x_wconf 87' lang='grc' dir='ltr'>,Ω</span> <span class='ocrx_word' id='word_1_410' title='bbox 902 2571 978 2606; x_wconf 87' lang='grc'>219,</span> <span class='ocrx_word' id='word_1_411' title='bbox 1007 2571 1083 2605; x_wconf 88' lang='lat'>236,</span> <span class='ocrx_word' id='word_1_412' title='bbox 1118 2570 1194 2606; x_wconf 81' lang='grc'>427,</span> <span class='ocrx_word' id='word_1_413' title='bbox 1226 2570 1302 2605; x_wconf 84' lang='lat'>497,</span> <span class='ocrx_word' id='word_1_414' title='bbox 1335 2570 1411 2605; x_wconf 80' lang='lat'>603,</span> <span class='ocrx_word' id='word_1_415' title='bbox 1444 2570 1519 2603; x_wconf 85' lang='lat'>664,</span> <span class='ocrx_word' id='word_1_416' title='bbox 1553 2569 1629 2603; x_wconf 85' lang='lat'>768,</span> <span class='ocrx_word' id='word_1_417' title='bbox 1657 2566 1764 2597; x_wconf 83' lang='lat' dir='ltr'>schol.</span> <span class='ocrx_word' id='word_1_418' title='bbox 1788 2569 1808 2604; x_wconf 71' lang='grc' dir='ltr'>ῥ’</span> <span class='ocrx_word' id='word_1_419' title='bbox 1834 2566 1887 2600; x_wconf 86' lang='grc'>94,</span> <span class='ocrx_word' id='word_1_420' title='bbox 1911 2564 1988 2593; x_wconf 89' lang='grc'>338.</span> 
     </span>
    </p>

    <p class='ocr_par' dir='ltr' id='par_1_9' title="bbox 171 2616 1987 2713">
     <span class='ocr_line' id='line_1_40' title="bbox 303 2616 1987 2663; baseline -0.003 -13"><span class='ocrx_word' id='word_1_421' title='bbox 303 2620 326 2655; x_wconf 79' lang='lat' dir='ltr'><em>f</em></span> <span class='ocrx_word' id='word_1_422' title='bbox 343 2621 405 2651; x_wconf 78' lang='lat' dir='ltr'>Ex.</span> <span class='ocrx_word' id='word_1_423' title='bbox 428 2629 479 2659; x_wconf 84' lang='lat' dir='ltr'>gr.</span> <span class='ocrx_word' id='word_1_424' title='bbox 503 2622 703 2662; x_wconf 77' lang='grc' dir='ltr'><em>ἐπιρρηθέντι</em></span> <span class='ocrx_word' id='word_1_425' title='bbox 727 2634 745 2652; x_wconf 87' lang='grc' dir='ltr'><strong><em>υ</em></strong></span> <span class='ocrx_word' id='word_1_426' title='bbox 771 2623 834 2652; x_wconf 89' lang='grc'>322</span> <span class='ocrx_word' id='word_1_427' title='bbox 860 2623 936 2657; x_wconf 89' lang='lat' dir='ltr'>FP,</span> <span class='ocrx_word' id='word_1_428' title='bbox 960 2624 1026 2659; x_wconf 74' lang='grc' dir='ltr'>ἐνὶμ</span> <span class='ocrx_word' id='word_1_429' title='bbox 1050 2624 1213 2663; x_wconf 79' lang='grc' dir='ltr'><em>μεγάροισι</em></span> <span class='ocrx_word' id='word_1_430' title='bbox 1238 2633 1257 2651; x_wconf 87' lang='grc' dir='ltr'><strong><em>α</em></strong></span> <span class='ocrx_word' id='word_1_431' title='bbox 1283 2622 1336 2657; x_wconf 86' lang='grc'>27,</span> <span class='ocrx_word' id='word_1_432' title='bbox 1357 2623 1420 2652; x_wconf 87' lang='grc'>269</span> <span class='ocrx_word' id='word_1_433' title='bbox 1447 2621 1483 2657; x_wconf 89' lang='lat' dir='ltr'>F,</span> <span class='ocrx_word' id='word_1_434' title='bbox 1507 2625 1527 2660; x_wconf 80' lang='grc' dir='ltr'>β</span> <span class='ocrx_word' id='word_1_435' title='bbox 1549 2621 1611 2650; x_wconf 82' lang='lat'>411</span> <span class='ocrx_word' id='word_1_436' title='bbox 1637 2632 1654 2657; x_wconf 85' lang='grc' dir='ltr'><em>γ</em></span> <span class='ocrx_word' id='word_1_437' title='bbox 1677 2620 1739 2649; x_wconf 88' lang='grc'>186</span> <span class='ocrx_word' id='word_1_438' title='bbox 1764 2619 1801 2655; x_wconf 88' lang='lat' dir='ltr'>P,</span> <span class='ocrx_word' id='word_1_439' title='bbox 1823 2618 1886 2647; x_wconf 84' lang='lat'>256</span> <span class='ocrx_word' id='word_1_440' title='bbox 1909 2616 1987 2651; x_wconf 84' lang='lat' dir='ltr'>GP,</span> 
     </span>
     <span class='ocr_line' id='line_1_41' title="bbox 171 2669 1987 2713; baseline -0.003 -10"><span class='ocrx_word' id='word_1_441' title='bbox 171 2674 246 2710; x_wconf 79' lang='lat'>354,</span> <span class='ocrx_word' id='word_1_442' title='bbox 271 2674 336 2703; x_wconf 85' lang='lat'>360</span> <span class='ocrx_word' id='word_1_443' title='bbox 358 2674 395 2709; x_wconf 90' lang='grc' dir='ltr'>Ρ,</span> <span class='ocrx_word' id='word_1_444' title='bbox 421 2674 436 2703; x_wconf 85' lang='grc' dir='ltr'><strong><em>ὁ</em></strong></span> <span class='ocrx_word' id='word_1_445' title='bbox 463 2674 538 2709; x_wconf 89' lang='lat'>587,</span> <span class='ocrx_word' id='word_1_446' title='bbox 564 2675 628 2703; x_wconf 87' lang='lat'>624</span> <span class='ocrx_word' id='word_1_447' title='bbox 652 2675 698 2704; x_wconf 72' lang='lat'>(32</span> <span class='ocrx_word' id='word_1_448' title='bbox 712 2673 750 2711; x_wconf 89' lang='lat' dir='ltr'>P,</span> <span class='ocrx_word' id='word_1_449' title='bbox 774 2675 836 2710; x_wconf 85' lang='lat' dir='ltr'>al.;</span> <span class='ocrx_word' id='word_1_450' title='bbox 860 2676 894 2704; x_wconf 89' lang='lat' dir='ltr'>in</span> <span class='ocrx_word' id='word_1_451' title='bbox 920 2675 944 2704; x_wconf 77' lang='lat' dir='ltr'><strong>F</strong></span> <span class='ocrx_word' id='word_1_452' title='bbox 962 2684 1040 2704; x_wconf 90' lang='lat' dir='ltr'>raro</span> <span class='ocrx_word' id='word_1_453' title='bbox 1060 2676 1106 2704; x_wconf 87' lang='lat' dir='ltr'>ita</span> <span class='ocrx_word' id='word_1_454' title='bbox 1127 2677 1180 2705; x_wconf 89' lang='lat' dir='ltr'>est</span> <span class='ocrx_word' id='word_1_455' title='bbox 1200 2673 1382 2713; x_wconf 86' lang='lat' dir='ltr'>scriptum,</span> <span class='ocrx_word' id='word_1_456' title='bbox 1403 2675 1542 2713; x_wconf 80' lang='lat' dir='ltr'>saepius</span> <span class='ocrx_word' id='word_1_457' title='bbox 1559 2672 1593 2702; x_wconf 91' lang='lat' dir='ltr'>in</span> <span class='ocrx_word' id='word_1_458' title='bbox 1608 2673 1649 2708; x_wconf 87' lang='lat' dir='ltr'>G,</span> <span class='ocrx_word' id='word_1_459' title='bbox 1669 2669 1873 2709; x_wconf 85' lang='lat' dir='ltr'>saepissime</span> <span class='ocrx_word' id='word_1_460' title='bbox 1894 2669 1928 2698; x_wconf 87' lang='lat' dir='ltr'>in</span> <span class='ocrx_word' id='word_1_461' title='bbox 1949 2669 1987 2698; x_wconf 95' lang='lat' dir='ltr'>P.</span> 
     </span>
    </p>

    <p class='ocr_par' dir='ltr' id='par_1_10' title="bbox 170 2722 1990 3185">
     <span class='ocr_line' id='line_1_42' title="bbox 297 2722 1989 2766; baseline -0.002 -11"><span class='ocrx_word' id='word_1_462' title='bbox 297 2735 319 2765; x_wconf 78' lang='lat'><em>9</em></span> <span class='ocrx_word' id='word_1_463' title='bbox 344 2726 563 2755; x_wconf 83' lang='lat' dir='ltr'>Aristarchus</span> <span class='ocrx_word' id='word_1_464' title='bbox 586 2725 755 2764; x_wconf 86' lang='lat' dir='ltr'>liquidam</span> <span class='ocrx_word' id='word_1_465' title='bbox 780 2737 822 2757; x_wconf 88' lang='lat' dir='ltr'>ne</span> <span class='ocrx_word' id='word_1_466' title='bbox 847 2728 881 2756; x_wconf 90' lang='lat' dir='ltr'>in</span> <span class='ocrx_word' id='word_1_467' title='bbox 907 2728 1157 2765; x_wconf 86' lang='lat' dir='ltr'>compositione</span> <span class='ocrx_word' id='word_1_468' title='bbox 1181 2727 1321 2766; x_wconf 89' lang='lat' dir='ltr'>quidem</span> <span class='ocrx_word' id='word_1_469' title='bbox 1346 2726 1507 2762; x_wconf 82' lang='lat' dir='ltr'>iterabat,</span> <span class='ocrx_word' id='word_1_470' title='bbox 1536 2725 1710 2756; x_wconf 83' lang='lat' dir='ltr'>scribebat</span> <span class='ocrx_word' id='word_1_471' title='bbox 1732 2722 1837 2761; x_wconf 86' lang='lat' dir='ltr'>igitur</span> <span class='ocrx_word' id='word_1_472' title='bbox 1860 2725 1989 2759; x_wconf 78' lang='grc' dir='ltr'><em>μεταλή-</em></span> 
     </span>
     <span class='ocr_line' id='line_1_43' title="bbox 170 2775 1986 2819; baseline -0.003 -11"><span class='ocrx_word' id='word_1_473' title='bbox 170 2777 256 2812; x_wconf 77' lang='grc' dir='ltr'><em>ξαντι</em></span> <span class='ocrx_word' id='word_1_474' title='bbox 287 2781 307 2808; x_wconf 88' lang='grc' dir='ltr'><strong><em>Ι</em></strong></span> <span class='ocrx_word' id='word_1_475' title='bbox 331 2779 406 2813; x_wconf 83' lang='grc'>299,</span> <span class='ocrx_word' id='word_1_476' title='bbox 434 2778 552 2818; x_wconf 80' lang='grc' dir='ltr'><em>ἄλοφον</em></span> <span class='ocrx_word' id='word_1_477' title='bbox 582 2781 611 2808; x_wconf 80' lang='grc' dir='ltr'>Ι(</span> <span class='ocrx_word' id='word_1_478' title='bbox 636 2779 711 2815; x_wconf 80' lang='lat'>258,</span> <span class='ocrx_word' id='word_1_479' title='bbox 735 2778 906 2817; x_wconf 79' lang='grc' dir='ltr'><em>ἂπολήξηισ</em></span> <span class='ocrx_word' id='word_1_480' title='bbox 940 2784 963 2809; x_wconf 89' lang='lat' dir='ltr'><strong><em>O</em></strong></span> <span class='ocrx_word' id='word_1_481' title='bbox 988 2781 1042 2818; x_wconf 88' lang='lat'>31,</span> <span class='ocrx_word' id='word_1_482' title='bbox 1073 2780 1226 2819; x_wconf 79' lang='grc' dir='ltr'><em>διαραίσει</em></span> <span class='ocrx_word' id='word_1_483' title='bbox 1259 2783 1278 2809; x_wconf 90' lang='grc' dir='ltr'><strong><em>Ι</em></strong></span> <span class='ocrx_word' id='word_1_484' title='bbox 1301 2780 1353 2815; x_wconf 91' lang='lat'>78,</span> <span class='ocrx_word' id='word_1_485' title='bbox 1383 2781 1556 2819; x_wconf 77' lang='grc' dir='ltr'><em>πολύρηνεσ</em></span> <span class='ocrx_word' id='word_1_486' title='bbox 1587 2782 1606 2808; x_wconf 93' lang='grc' dir='ltr'><strong><em>Ι</em></strong></span> <span class='ocrx_word' id='word_1_487' title='bbox 1626 2779 1700 2807; x_wconf 87' lang='lat'>154.</span> <span class='ocrx_word' id='word_1_488' title='bbox 1731 2777 1786 2806; x_wconf 85' lang='lat' dir='ltr'>Sic</span> <span class='ocrx_word' id='word_1_489' title='bbox 1812 2779 1839 2805; x_wconf 88' lang='grc' dir='ltr'><em>Β</em></span> <span class='ocrx_word' id='word_1_490' title='bbox 1865 2775 1929 2804; x_wconf 84' lang='grc'>752</span> <span class='ocrx_word' id='word_1_491' title='bbox 1952 2775 1986 2804; x_wconf 88' lang='lat' dir='ltr'>in</span> 
     </span>
     <span class='ocr_line' id='line_1_44' title="bbox 171 2826 1990 2872; baseline -0.002 -12"><span class='ocrx_word' id='word_1_492' title='bbox 171 2839 250 2869; x_wconf 85' lang='lat' dir='ltr'>pap.</span> <span class='ocrx_word' id='word_1_493' title='bbox 281 2831 387 2861; x_wconf 85' lang='lat' dir='ltr'>Oxou.</span> <span class='ocrx_word' id='word_1_494' title='bbox 417 2832 586 2869; x_wconf 87' lang='lat' dir='ltr'>scriptum</span> <span class='ocrx_word' id='word_1_495' title='bbox 618 2834 670 2860; x_wconf 81' lang='lat' dir='ltr'>eet</span> <span class='ocrx_word' id='word_1_496' title='bbox 702 2834 864 2872; x_wconf 79' lang='grc' dir='ltr'><em>καλλίροον</em></span> <span class='ocrx_word' id='word_1_497' title='bbox 904 2833 947 2862; x_wconf 84' lang='lat' dir='ltr'>Et</span> <span class='ocrx_word' id='word_1_498' title='bbox 980 2830 1152 2870; x_wconf 84' lang='lat' dir='ltr'>primitus,</span> <span class='ocrx_word' id='word_1_499' title='bbox 1181 2841 1258 2862; x_wconf 89' lang='lat' dir='ltr'>cum</span> <span class='ocrx_word' id='word_1_500' title='bbox 1284 2832 1402 2862; x_wconf 85' lang='lat' dir='ltr'>nullae</span> <span class='ocrx_word' id='word_1_501' title='bbox 1428 2831 1695 2869; x_wconf 86' lang='lat' dir='ltr'>duplicabantur</span> <span class='ocrx_word' id='word_1_502' title='bbox 1717 2830 1864 2865; x_wconf 84' lang='lat' dir='ltr'>litterae,</span> <span class='ocrx_word' id='word_1_503' title='bbox 1887 2826 1990 2857; x_wconf 88' lang='lat' dir='ltr'>aliter</span> 
     </span>
     <span class='ocr_line' id='line_1_45' title="bbox 171 2879 1987 2923; baseline -0.001 -11"><span class='ocrx_word' id='word_1_504' title='bbox 171 2883 276 2913; x_wconf 89' lang='lat' dir='ltr'>scribi</span> <span class='ocrx_word' id='word_1_505' title='bbox 309 2892 352 2913; x_wconf 88' lang='lat' dir='ltr'>ne</span> <span class='ocrx_word' id='word_1_506' title='bbox 387 2884 502 2921; x_wconf 87' lang='lat' dir='ltr'>potuit</span> <span class='ocrx_word' id='word_1_507' title='bbox 532 2881 685 2921; x_wconf 87' lang='lat' dir='ltr'>quidem.</span> <span class='ocrx_word' id='word_1_508' title='bbox 718 2884 936 2923; x_wconf 85' lang='lat' dir='ltr'>Quapropter</span> <span class='ocrx_word' id='word_1_509' title='bbox 970 2887 997 2914; x_wconf 87' lang='grc' dir='ltr'><strong><em>Ρ</em></strong></span> <span class='ocrx_word' id='word_1_510' title='bbox 1025 2885 1064 2913; x_wconf 85' lang='grc'>37</span> <span class='ocrx_word' id='word_1_511' title='bbox 1097 2884 1293 2914; x_wconf 84' lang='lat' dir='ltr'>dubitatum</span> <span class='ocrx_word' id='word_1_512' title='bbox 1326 2886 1378 2914; x_wconf 87' lang='lat' dir='ltr'>est</span> <span class='ocrx_word' id='word_1_513' title='bbox 1401 2887 1517 2914; x_wconf 89' lang='lat' dir='ltr'>utrum</span> <span class='ocrx_word' id='word_1_514' title='bbox 1542 2884 1677 2923; x_wconf 80' lang='grc' dir='ltr'><em>ἄρρητον</em></span> <span class='ocrx_word' id='word_1_515' title='bbox 1699 2883 1770 2911; x_wconf 87' lang='lat' dir='ltr'>sive</span> <span class='ocrx_word' id='word_1_516' title='bbox 1794 2879 1987 2922; x_wconf 82' lang='lat' dir='ltr'>ineffabilem</span> 
     </span>
     <span class='ocr_line' id='line_1_46' title="bbox 171 2935 1988 2977; baseline -0.002 -12"><span class='ocrx_word' id='word_1_517' title='bbox 171 2935 316 2965; x_wconf 83' lang='lat' dir='ltr'>dixisset</span> <span class='ocrx_word' id='word_1_518' title='bbox 337 2938 440 2974; x_wconf 86' lang='lat' dir='ltr'>poeta</span> <span class='ocrx_word' id='word_1_519' title='bbox 464 2945 505 2965; x_wconf 90' lang='lat' dir='ltr'>an</span> <span class='ocrx_word' id='word_1_520' title='bbox 530 2936 645 2975; x_wconf 76' lang='grc' dir='ltr'><em>ἄρητον</em></span> <span class='ocrx_word' id='word_1_521' title='bbox 669 2937 742 2966; x_wconf 83' lang='lat' dir='ltr'>sive</span> <span class='ocrx_word' id='word_1_522' title='bbox 759 2936 929 2977; x_wconf 58' lang='lat' dir='ltr'>funestum</span> <span class='ocrx_word' id='word_1_523' title='bbox 953 2937 1073 2975; x_wconf 85' lang='lat' dir='ltr'>(Soph.</span> <span class='ocrx_word' id='word_1_524' title='bbox 1096 2937 1174 2967; x_wconf 82' lang='lat' dir='ltr'>Ant.</span> <span class='ocrx_word' id='word_1_525' title='bbox 1202 2938 1292 2975; x_wconf 86' lang='grc'>712).</span> <span class='ocrx_word' id='word_1_526' title='bbox 1457 2936 1476 2966; x_wconf 79' lang='lat' dir='ltr'><em>h</em></span> <span class='ocrx_word' id='word_1_527' title='bbox 1497 2936 1641 2965; x_wconf 87' lang='lat' dir='ltr'>Formae</span> <span class='ocrx_word' id='word_1_528' title='bbox 1664 2935 1798 2973; x_wconf 87' lang='lat' dir='ltr'>priscae</span> <span class='ocrx_word' id='word_1_529' title='bbox 1822 2936 1988 2972; x_wconf 56' lang='grc' dir='ltr'><em>ἐσρείοντο,</em></span> 
     </span>
     <span class='ocr_line' id='line_1_47' title="bbox 170 2987 1987 3028; baseline -0.001 -11"><span class='ocrx_word' id='word_1_530' title='bbox 170 2991 367 3028; x_wconf 59' lang='lat' dir='ltr'>tumefactum,</span> <span class='ocrx_word' id='word_1_531' title='bbox 389 2987 522 3018; x_wconf 86' lang='lat' dir='ltr'>similes</span> <span class='ocrx_word' id='word_1_532' title='bbox 540 2989 574 3017; x_wconf 90' lang='lat' dir='ltr'>in</span> <span class='ocrx_word' id='word_1_533' title='bbox 596 2989 735 3018; x_wconf 87' lang='lat' dir='ltr'>Homeri</span> <span class='ocrx_word' id='word_1_534' title='bbox 756 2988 874 3027; x_wconf 86' lang='lat' dir='ltr'>lingua</span> <span class='ocrx_word' id='word_1_535' title='bbox 896 2990 1043 3019; x_wconf 84' lang='lat' dir='ltr'>fortasse</span> <span class='ocrx_word' id='word_1_536' title='bbox 1063 2991 1166 3020; x_wconf 84' lang='lat' dir='ltr'>etiam</span> <span class='ocrx_word' id='word_1_537' title='bbox 1187 2991 1349 3020; x_wconf 79' lang='lat' dir='ltr'>vixerunt</span> <span class='ocrx_word' id='word_1_538' title='bbox 1369 2990 1533 3026; x_wconf 86' lang='lat' dir='ltr'>integrae,</span> <span class='ocrx_word' id='word_1_539' title='bbox 1551 2996 1664 3025; x_wconf 88' lang='lat' dir='ltr'>neque</span> <span class='ocrx_word' id='word_1_540' title='bbox 1677 2989 1729 3017; x_wconf 86' lang='lat' dir='ltr'>est</span> <span class='ocrx_word' id='word_1_541' title='bbox 1743 2995 1802 3016; x_wconf 88' lang='lat' dir='ltr'>cur</span> <span class='ocrx_word' id='word_1_542' title='bbox 1814 2987 1951 3024; x_wconf 89' lang='lat' dir='ltr'>signum</span> <span class='ocrx_word' id='word_1_543' title='bbox 1964 2997 1987 3023; x_wconf 78' lang='lat' dir='ltr'><em>f</em></span> 
     </span>
     <span class='ocr_line' id='line_1_48' title="bbox 172 3039 1987 3080; baseline -0.001 -11"><span class='ocrx_word' id='word_1_544' title='bbox 172 3041 206 3069; x_wconf 91' lang='lat' dir='ltr'>in</span> <span class='ocrx_word' id='word_1_545' title='bbox 230 3040 285 3070; x_wconf 84' lang='lat' dir='ltr'>his</span> <span class='ocrx_word' id='word_1_546' title='bbox 306 3041 422 3070; x_wconf 82' lang='lat' dir='ltr'>verbis</span> <span class='ocrx_word' id='word_1_547' title='bbox 445 3039 558 3077; x_wconf 84' lang='lat' dir='ltr'>magis</span> <span class='ocrx_word' id='word_1_548' title='bbox 582 3040 765 3078; x_wconf 86' lang='lat' dir='ltr'>displiceat</span> <span class='ocrx_word' id='word_1_549' title='bbox 788 3050 890 3079; x_wconf 83' lang='lat' dir='ltr'>quam</span> <span class='ocrx_word' id='word_1_550' title='bbox 914 3042 947 3071; x_wconf 93' lang='lat' dir='ltr'>in</span> <span class='ocrx_word' id='word_1_551' title='bbox 974 3042 1048 3080; x_wconf 54' lang='grc' dir='ltr'><em>(ἱρήν</em></span> <span class='ocrx_word' id='word_1_552' title='bbox 1072 3042 1125 3072; x_wconf 90' lang='lat' dir='ltr'>vel</span> <span class='ocrx_word' id='word_1_553' title='bbox 1151 3042 1294 3080; x_wconf 64' lang='grc' dir='ltr'><em>ὁέῲτοικα</em></span> <span class='ocrx_word' id='word_1_554' title='bbox 1316 3042 1333 3078; x_wconf 66' lang='grc' dir='ltr'>ξ</span> <span class='ocrx_word' id='word_1_555' title='bbox 1354 3043 1406 3070; x_wconf 85' lang='grc'>42.</span> <span class='ocrx_word' id='word_1_556' title='bbox 1433 3041 1499 3071; x_wconf 86' lang='lat' dir='ltr'>Sed</span> <span class='ocrx_word' id='word_1_557' title='bbox 1523 3039 1686 3078; x_wconf 89' lang='lat' dir='ltr'>quoniam</span> <span class='ocrx_word' id='word_1_558' title='bbox 1710 3041 1804 3069; x_wconf 88' lang='lat' dir='ltr'>certa</span> <span class='ocrx_word' id='word_1_559' title='bbox 1827 3039 1912 3068; x_wconf 88' lang='lat' dir='ltr'>haec</span> <span class='ocrx_word' id='word_1_560' title='bbox 1932 3047 1987 3068; x_wconf 84' lang='lat' dir='ltr'>res</span> 
     </span>
     <span class='ocr_line' id='line_1_49' title="bbox 172 3090 1986 3132; baseline -0.001 -10"><span class='ocrx_word' id='word_1_561' title='bbox 172 3101 241 3122; x_wconf 90' lang='lat' dir='ltr'>non</span> <span class='ocrx_word' id='word_1_562' title='bbox 266 3096 328 3128; x_wconf 82' lang='lat' dir='ltr'>est,</span> <span class='ocrx_word' id='word_1_563' title='bbox 352 3094 477 3123; x_wconf 84' lang='lat' dir='ltr'>melius</span> <span class='ocrx_word' id='word_1_564' title='bbox 500 3096 660 3122; x_wconf 82' lang='lat' dir='ltr'>servatur</span> <span class='ocrx_word' id='word_1_565' title='bbox 686 3095 871 3124; x_wconf 83' lang='lat' dir='ltr'>formarum</span> <span class='ocrx_word' id='word_1_566' title='bbox 897 3095 1098 3125; x_wconf 84' lang='lat' dir='ltr'>traditarum</span> <span class='ocrx_word' id='word_1_567' title='bbox 1121 3093 1233 3132; x_wconf 85' lang='lat' dir='ltr'>sigma</span> <span class='ocrx_word' id='word_1_568' title='bbox 1254 3093 1479 3132; x_wconf 86' lang='lat' dir='ltr'>geminatum.</span> <span class='ocrx_word' id='word_1_569' title='bbox 1627 3092 1640 3122; x_wconf 82' lang='lat' dir='ltr'>i</span> <span class='ocrx_word' id='word_1_570' title='bbox 1663 3090 1986 3130; x_wconf 83' lang='lat' dir='ltr'>Reduplicationem</span> 
     </span>
     <span class='ocr_line' id='line_1_50' title="bbox 174 3142 1537 3185; baseline 0.001 -11"><span class='ocrx_word' id='word_1_571' title='bbox 174 3145 344 3183; x_wconf 80' lang='lat' dir='ltr'>integram</span> <span class='ocrx_word' id='word_1_572' title='bbox 369 3145 533 3175; x_wconf 69' lang='lat' dir='ltr'>exhibent</span> <span class='ocrx_word' id='word_1_573' title='bbox 559 3144 678 3174; x_wconf 81' lang='lat' dir='ltr'>aoristi</span> <span class='ocrx_word' id='word_1_574' title='bbox 702 3147 893 3184; x_wconf 76' lang='grc' dir='ltr'><em>λελαβέσθαι</em></span> <span class='ocrx_word' id='word_1_575' title='bbox 919 3146 938 3185; x_wconf 63' lang='grc' dir='ltr'>ξ</span> <span class='ocrx_word' id='word_1_576' title='bbox 964 3144 1067 3183; x_wconf 65' lang='grc'>14923,</span> <span class='ocrx_word' id='word_1_577' title='bbox 1090 3149 1248 3185; x_wconf 76' lang='grc' dir='ltr'>λελάχητε,</span> <span class='ocrx_word' id='word_1_578' title='bbox 1271 3157 1366 3185; x_wconf 85' lang='grc' dir='ltr'><em>-χωσι</em></span> <span class='ocrx_word' id='word_1_579' title='bbox 1392 3146 1407 3183; x_wconf 67' lang='grc' dir='ltr'><strong>ἓ</strong></span> <span class='ocrx_word' id='word_1_580' title='bbox 1434 3142 1537 3175; x_wconf 61' lang='grc'>14925.</span> 
     </span>
    </p>
   </div>
  </div>
 </body>
</html>
