2234 3443
192 191 216 236 9
247 190 348 237 318,
382 190 484 235 319]
842 199 896 227 DE
928 198 1354 227 PRAEPOSITIONJBUS·
1922 188 2005 227 387

306 311 378 355 10.
411 312 520 352 Cum
561 312 789 361 particulis
826 312 955 351 modo
990 312 1137 351 allatis
1169 311 1438 350 coniunctim
1471 311 1907 350 commemorandum
1943 313 2011 350 est

189 379 517 418 substantivum
535 376 685 432 δὲμασ
697 386 716 406 a
741 380 836 419 sive
852 379 1029 429 habitus,
1047 380 1208 431 species,
1228 380 1351 417 cuius
1368 378 1649 418 accusativus
1665 378 1728 417 ita
1744 380 1793 418 ut
1809 379 2007 419 Atticum

191 445 307 496 δίκην
335 448 404 486 est
433 449 672 496 usurpatus
701 446 746 485 in
778 446 859 485 hoc
889 457 1046 485 versu:

515 507 571 552 ὧσ
602 513 642 551 οἳ
671 510 744 563 μὲν
770 509 989 562 ’μάρναντο
1021 510 1170 565 δὲμασ
1201 511 1344 565 πορὸσ
1374 509 1645 565 αἰθομένοιο
1664 510 1696 564 b,

188 590 298 628 quae
329 580 462 619 verba
493 581 662 628 poetica
692 580 745 619 ad
775 580 973 619 litteram
1000 590 1129 619 versa
1154 578 1426 628 significant:
1454 580 1627 627 speciem
1652 580 1763 628 iynis
1785 579 2010 628 slayrantis

190 648 408 695 referentes
426 654 456 687 0.

309 711 373 756 11.
407 711 564 754 εἵνεκα
594 715 689 753 sive
720 712 860 754 ἕνεκα
889 715 983 752 sive
1015 711 1204 754 evezevd
1235 724 1465 753 ...causa
1500 713 1681 752 Videtur
1714 724 1770 752 ex
1801 712 2009 766 ss'v-fsnstw

189 790 286 820 esse
332 783 499 829 natum,
547 782 777 820 cohaerere
824 784 973 820 autem
1013 781 1147 833 feno'w
1190 783 1319 829 atque
1360 779 1524 832 fixum
1558 781 1634 820 sed
1665 782 1875 820 obscurae
1905 782 2011 820 sunt

189 847 373 887 initialis
402 848 599 896 syllabae
629 848 698 887 vis
729 850 773 887 et
803 849 937 896 origo.
971 848 1078 888 Cum
1112 848 1320 896 genitivis
1350 853 1422 886 τοῦ
1453 850 1497 887 et
1527 842 1575 886 οὗ
1608 847 1800 886 coaluite
1824 848 1869 886 in
1896 857 2011 887 nova

188 915 396 954 adverbia
437 915 607 953 τούνεκα
651 913 774 954 ideof
815 918 857 954 et
895 915 1043 953 οὕνεκα
1084 915 1227 964 quim,
1272 925 1457 963 quorum
1489 915 1709 964 posterius
1742 924 1797 954 ex
1830 915 2010 955 vocibus

186 986 258 1019 τοῦ
284 979 400 1020 ἕνεκα
432 981 490 1019 ὅτι
516 983 586 1021 est
615 984 770 1021 natum
803 983 1083 1023 attractione.
1118 983 1234 1032 Quae
1265 984 1496 1032 postquam
1529 984 1572 1022 in
1605 983 1872 1023 oblivionem
1906 983 2013 1022 abiit

189 1048 325 1098 origo,
366 1049 501 1088 etiam
543 1059 593 1088 eo
624 1059 755 1088 sensu
789 1060 872 1097 quo
905 1049 963 1088 ὅτι
995 1051 1105 1098 quod
1137 1052 1205 1089 est
1234 1051 1493 1099 usurpatum
1521 1053 1619 1099 post
1650 1050 1785 1089 verba
1814 1050 2015 1089 sentiendi

188 1116 233 1154 et
273 1112 479 1155 dicendih.
523 1116 664 1155 Aliter
703 1117 836 1156 habet
865 1126 936 1156 res
966 1118 1011 1156 in
1043 1117 1211 1156 verbis:
1246 1115 1610 1167 δὸσ...πριίξαντε
1640 1116 1803 1156 νέεσθαι
1832 1116 1838 1167 Ι
1866 1116 2012 1155 οὔνεκα

190 1178 297 1232 δεῦρ’
344 1182 540 1232 ἱκόμεσθα
554 1178 579 1232 ²',
611 1183 685 1221 ubi
717 1183 864 1222 οὕνεκα
896 1184 940 1223 id
971 1186 1082 1232 quod
1114 1190 1228 1223 τοῦτο
1260 1178 1308 1222 οὗ
1341 1182 1456 1222 ἕνεκα
1487 1186 1581 1225 sive
1607 1191 1859 1234 quapropter
1880 1185 2013 1227 valet.

957 1608 1162 1649 CAPUT
1192 1609 1242 1648 ΙΙ,

757 1745 867 1795 DE
930 1744 1438 1795 ADVERBIIS.

695 1912 733 1951 Ι.
776 1911 1178 1951 Observationes
1218 1911 1504 1959 generales.

306 2043 334 2092 ἓ
365 2042 463 2086 319.
495 2043 813 2084 Adverbiorum
845 2043 889 2082 in
915 2040 1040 2095 -ω(σ)
1067 2042 1361 2082 desinentium
1387 2052 1543 2091 parcus
1567 2042 1612 2080 in
1638 2042 1790 2091 lingua
1816 2043 1938 2091 epica
1956 2063 2009 2070 —

189 2114 233 2152 et
277 2112 456 2152 omnino
495 2112 538 2150 in
580 2111 769 2150 dictione
809 2113 1039 2160 poetarum
1079 2133 1136 2140 —
1176 2110 1257 2149 fuit
1294 2119 1414 2148 usus,
1448 2109 1565 2159 Quae
1596 2112 1746 2148 autem
1779 2109 1823 2148 in
1856 2109 2012 2158 priscis

189 2179 460 2219 carminibus
485 2180 652 2228 extant,
680 2179 838 2218 horum
871 2178 1077 2227 pleraque
1108 2188 1134 2216 a
1164 2178 1299 2226 stirpe
1331 2177 1376 2215 in
1407 2191 1447 2214 -o
1480 2176 1700 2215 desinenti
1732 2178 1836 2215 sunt
1863 2177 2014 2215 ducta:

191 2239 411 2295 ὅδε-ὧδε,
446 2244 891 2296 πρότεροσ-προτέρω,
936 2242 1424 2294 τηλότατοσ-τηλοτάτω,
1464 2237 1644 2291 ὅσ-ὦσ,
1695 2242 2015 2291 ‹xinde—attae,

189 2313 289 2353 alia.
321 2313 467 2360 Neque
497 2313 682 2352 obscura
713 2315 781 2352 est
806 2322 961 2360 causa;
990 2321 1094 2350 nam
1120 2311 1326 2360 primitus
1352 2310 1438 2348 nisi
1463 2310 1516 2348 ab
1533 2309 1785 2348 huiusmodi
1802 2309 2012 2358 stirpibus

187 2381 285 2420 duci
330 2390 417 2420 non
460 2382 710 2429 potuerunt.
753 2380 861 2419 Dein
908 2389 1011 2418 vero
1052 2379 1254 2426 analogia
1293 2377 1438 2416 effecit
1469 2379 1517 2416 ut
1548 2376 1722 2426 syllaba
1753 2388 1830 2414 -ωσ
1861 2375 2012 2416 suffixi

189 2448 283 2487 loco
313 2447 464 2486 habita
494 2448 629 2487 variis
659 2447 977 2487 adiectivorum
1008 2445 1220 2494 stirpibus
1251 2445 1482 2483 adderetur
1494 2441 1528 2483 j.

280 2619 301 2639 a
316 2610 399 2647 Pag.
415 2609 506 2639 17872
519 2611 552 2638 et
566 2608 581 2647 ξ
595 2610 670 2639 262.
764 2608 779 2638 b
800 2611 827 2639 A
842 2609 906 2638 596
921 2608 964 2638 al.
1052 2617 1068 2637 c
1086 2606 1181 2646 Iym's
1193 2607 1305 2645 poetis
1317 2607 1383 2636 fuit
1394 2605 1520 2636 animal
1529 2614 1650 2642 vor-¹213
1675 2606 1774 2643 δέμασ
1786 2605 1892 2642 igitur
1904 2603 2013 2636 tribui

192 2660 224 2691 ei
239 2664 387 2700 poterat,
400 2670 467 2699 qua
479 2670 563 2692 voce
575 2670 643 2692 non
655 2659 723 2690 nisi
735 2659 886 2690 viventia
900 2668 1043 2698 corpora
1058 2659 1354 2697 significabantur.
1455 2657 1478 2688 d
1487 2659 1571 2696 Pag.
1586 2657 1648 2687 113
1663 2657 1696 2686 d.
1802 2666 1819 2686 e
1830 2657 1882 2687 De
1896 2656 2013 2686 demto

190 2721 275 2746 sono
295 2726 308 2743 ι
331 2723 410 2752 pag.
435 2715 476 2744 73
490 2713 519 2751 f.
651 2712 674 2751 f
692 2713 783 2743 Aee
807 2713 850 2742 ai.
981 2721 1003 2751 9
1027 2712 1062 2741 Α
1078 2713 1116 2741 11
1143 2711 1186 2741 al.
1320 2710 1341 2740 Ιι
1364 2709 1454 2740 0216
1480 2711 1575 2749 η3οο
1600 2711 1693 2740 vace
1719 2709 1789 2739 042
1813 2709 1930 2743 uaso.
1947 2709 2010 2739 379

191 2767 224 2795 h.
248 2767 310 2805 Ap.
336 2767 400 2796 376
424 2767 505 2796 Hes.
528 2766 657 2804 Theog.
680 2765 757 2796 464.
914 2764 927 2794 i
960 2777 977 2801 γ
999 2765 1053 2794 61.
1199 2763 1221 2803 j
1249 2764 1290 2793 In
1316 2764 1458 2793 Homeri
1482 2761 1697 2793 carminibus
1725 2763 1774 2791 ita
1798 2762 2012 2791 conformata

191 2820 272 2848 sunt
305 2820 349 2853 ἀο,
384 2818 539 2853 ἐΰκλεέωσ,
572 2818 762 2856 ἀπηλιγέωα,
795 2816 962 2851 &an-Manu
994 2816 1171 2855 ἀσφαλέωσ,
1206 2816 1373 2857 bromium,
1407 2817 1453 2852 ἀ-,
1478 2817 1533 2850 aa,
1559 2814 1788 2855 περιφραδόωσ,
1812 2813 2013 2854 intueor-timo,

188 2870 308 2907 λιγέωσ,
335 2870 505 2907 νωλεμέωσ,
526 2872 663 2904 minum,
688 2870 820 2908 ταχέωσ,
843 2868 1045 2907 τοχνηένιωσ,
1072 2876 1160 2905 quae
1181 2869 1356 2905 octoginta
1379 2867 1452 2897 fere
1476 2866 1512 2896 in
1533 2866 1692 2896 versibus
1711 2867 1885 2903 leguntur,
1905 2874 2010 2896 unum

187 2923 343 2963 ἀτρεκέωσ
363 2924 574 2961 frequenter,
598 2924 715 2952 cetera
739 2920 863 2951 rarius.
891 2921 966 2951 Huc
990 2921 1074 2950 illuc
1097 2923 1210 2950 autem
1236 2921 1424 2950 terminum
1449 2931 1507 2949 -ωσ
1528 2928 1546 2949 e
1565 2919 1685 2957 lingua
1698 2920 1893 2949 recentiore
1905 2919 2014 2957 irrep-

188 2975 276 3006 sisse
298 2976 469 3005 testantur
491 2975 675 3026 ἂσιεμφέιζι-ι]
711 2975 729 3004 ὁ
760 2975 836 3011 419,
869 2974 935 3003 459
966 2974 1046 3003 Hes.
1078 2973 1207 3011 Theog.
1233 2973 1295 3002 748
1322 2975 1356 3002 et
1379 2973 1555 3025 mmor-¹0:31
1580 2986 1592 3002 a
1618 2974 1659 3002 98
1684 2984 1700 3002 τ
1724 2971 1787 3002 269
1809 2972 1843 3002 11.
1864 2970 1938 3003 Cer.
1959 2971 2014 3003 ¹71,

190 3037 256 3075 leg.
286 3036 447 3076 ἀστιμφέσ
480 3038 515 3065 et
547 3036 705 3077 νημερτέα,
738 3033 754 3073 §
786 3036 816 3064 8.
843 3035 962 3072 Neque
984 3032 1172 3073 genuinum
1196 3035 1251 3063 est
1273 3034 1390 3071 &fixae
1414 3036 1448 3062 X
1470 3034 1534 3063 336
1559 3042 1622 3072 pro
1646 3032 1793 3071 ἀμικέωσ
1816 3033 1872 3062 vel
1897 3033 2013 3071 potius

192 3089 314 3126 &fundo
341 3089 482 3118 dietum.
504 3088 571 3118 Pro
595 3091 698 3118 καλῶσ
721 3091 742 3127 β
767 3088 807 3117 63
832 3087 899 3125 leg.
923 3089 1012 3122 καλά,
1037 3095 1099 3125 pro
1122 3089 1220 3126 φίλυσ
1243 3088 1271 3116 A
1297 3085 1361 3116 347
1381 3088 1482 3125 φίλον,
1506 3093 1568 3123 pro
1592 3087 1760 3115 ἀσπασίωσ
1785 3088 1812 3114 Σ
1831 3084 1894 3115 270
1915 3084 1933 3114 δ
1948 3085 2011 3114 523

194 3144 218 3169 θ
244 3141 308 3171 450
331 3139 346 3175 ξ
371 3141 435 3171 502
461 3148 487 3178 ψ
511 3140 573 3170 233
598 3141 768 3170 bantinum.
