2234 3443
764 801 1293 866 PRAEFATIO.

1016 1152 1047 1191 Ι,

172 1276 232 1314 De
274 1276 462 1314 dictione
504 1276 627 1324 epica
667 1276 739 1323 qui
771 1275 1074 1324 disputaturus
1107 1278 1186 1325 est,
1222 1287 1321 1315 eum
1354 1278 1477 1316 decet
1508 1278 1559 1317 de
1590 1278 1755 1326 origine
1788 1281 1938 1319 carmi-

113 1353 219 1382 num
261 1343 484 1391 epicorum
528 1344 572 1381 et
612 1343 663 1381 de
700 1346 900 1382 veterum
934 1345 1161 1392 poetarum
1194 1345 1287 1383 arte
1318 1344 1419 1392 quid
1452 1345 1617 1384 sentiat
1646 1346 1767 1394 prius
1797 1347 1940 1386 dicere

112 1420 246 1458 quam
274 1410 421 1459 ipsum
454 1419 562 1458 opus
594 1410 887 1458 aggrediatur.
921 1411 1003 1449 Sed
1030 1410 1161 1450 molis
1186 1412 1380 1459 ingentis
1405 1412 1516 1450 hanc
1541 1413 1772 1452 materiem
1797 1415 1938 1453 totam

111 1477 195 1516 sibi
235 1487 412 1516 sumere
452 1477 744 1525 tractandam,
786 1477 828 1515 id
870 1479 938 1516 est
968 1488 1090 1516 mare
1123 1478 1295 1517 ebibere
1327 1479 1454 1518 velle.
1487 1479 1598 1518 Nam
1633 1481 1768 1519 maris
1798 1472 1940 1521 in‘star

112 1546 215 1583 sunt
244 1545 387 1593 prisca
417 1543 494 1583 illa
521 1545 741 1592 carmina;
774 1545 911 1583 maris
942 1546 1122 1594 aeterni,
1160 1546 1284 1584 cuius
1314 1546 1475 1585 fluctus
1489 1547 1698 1595 rhythmo
1715 1558 1937 1597 nunquam

112 1612 254 1660 sopito
297 1611 351 1650 ad
382 1611 534 1650 littora.
566 1613 718 1651 nostra.
748 1612 1088 1661 provolvuntur;
1128 1633 1173 1639 —
1210 1614 1349 1652 maris
1380 1614 1600 1663 immensi,
1632 1616 1747 1662 quod·
1776 1616 1940 1665 simpli-

113 1680 248 1719 citate
294 1689 374 1718 sua.
420 1679 592 1718 animos
635 1679 687 1717 ad
729 1679 1068 1718 admirationem
1111 1680 1315 1728 proripit:
1349 1680 1464 1719 idem
1496 1683 1670 1720 mentes
1700 1683 1942 1730 percellens

111 1745 283 1785 infinita
323 1746 446 1794 copia
487 1756 633 1785 rerum
671 1745 908 1785 observatu
951 1747 1196 1795 dignarum,
1240 1746 1398 1795 quibus
1426 1749 1776 1797 pervestigandis
1806 1751 1939 1789 unius

112 1814 304 1852 hominis
334 1814 429 1852 vita
459 1823 513 1852 ne
544 1814 636 1851 tota
664 1813 841 1860 quidem
868 1812 1080 1861 sufficiat;
1110 1814 1227 1853 vitae
1253 1814 1352 1853 fons
1378 1814 1639 1865 uberrimus,
1659 1817 1782 1855 cuius
1798 1818 1938 1856 imum

111 1880 295 1919 fundum
327 1880 474 1919 nullus
504 1880 609 1918 dum
640 1880 896 1919 mortalium
930 1883 998 1920 est
1031 1883 1346 1930 perscrutatus.
1380 1882 1511 1921 Maris
1544 1885 1611 1921 est
1640 1884 1797 1933 instar,
1829 1885 1940 1932 quod

111 1957 263 1987 carum
295 1949 364 1986 est
394 1947 540 1996 pueris
571 1948 615 1986 in
647 1947 808 1986 littoris
838 1949 983 1987 arenis
1014 1949 1126 1987 inter
1153 1949 1342 1987 conchas
1368 1950 1616 1998 variegatas
1642 1950 1938 2001 lusitantibus,

111 2025 261 2054 carum
293 2014 564 2064 philosophis
593 2015 644 2054 de
675 2025 822 2054 rerum
856 2016 1003 2054 causis
1032 2016 1256 2065 ipsiusque
1284 2017 1400 2055 vitae
1426 2018 1591 2065 origine
1609 2019 1938 2068 meditantibus,

111 2093 260 2122 carum
307 2083 462 2131 poetis,
504 2082 599 2121 sive
640 2082 726 2121 leni
766 2083 823 2121 iis
853 2093 1038 2122 susurru
1067 2083 1252 2122 fabellas
1284 2084 1328 2122 in
1361 2094 1489 2123 aures
1518 2085 1718 2135 inspirat,
1751 2087 1845 2125 sive
1875 2088 1940 2126 ira

110 2150 306 2189 fremens
338 2150 423 2189 ciet
447 2149 643 2188 furorem
672 2150 919 2188 carminum
946 2150 1312 2198 grandisonorum
1336 2151 1543 2191 feracem.
1563 2151 1701 2190 Ἔστιν
1728 2153 1936 2192 θάλασσα·

110 2217 171 2256 τίσ
201 2215 244 2255 δέ
273 2231 338 2255 νιν
369 2215 624 2267 κατασβέσειῑ

169 2285 334 2334 Itaque,
383 2294 437 2323 ne
484 2284 622 2322 nimia
668 2283 888 2323 moliendo
929 2284 1068 2322 risum
1108 2294 1383 2334 moveamus,
1431 2307 1483 2313 —
1522 2296 1625 2325 nam
1659 2284 1678 2325 ὁ
1711 2286 1764 2337 μὴ
1798 2295 1939 2335 carram

112 2351 280 2398 ὃιδάξασ
312 2349 354 2389 ἐν
385 2350 474 2389 ἴσωι
505 2349 572 2389 καὶ
603 2350 635 2389 εἰ
665 2349 718 2401 μὴ
751 2349 993 2401 ἐνεθυμήθη
1009 2359 1041 2400 α,
1078 2373 1130 2379 -
1167 2352 1237 2391 vel
1266 2354 1392 2391 extra
1417 2352 1527 2392 fines
1555 2354 1656 2393 huic
1678 2356 1940 2404 praefationi

110 2429 345 2459 concessos
384 2418 518 2458 latius
558 2419 774 2467 expatiari
816 2428 1038 2468 cogamur,
1080 2428 1219 2467 pauca
1250 2430 1274 2458 e
1303 2418 1458 2459 multis
1489 2421 1742 2470 selegantur
1772 2425 1942 2471 oportet

109 2491 157 2526 et
187 2486 406 2525 succincte
437 2487 694 2525 tractentur.
729 2486 926 2525 Strictim
954 2486 1174 2534 tangenda
1200 2488 1330 2526 erunt
1355 2497 1477 2537 quae,
1505 2489 1543 2528 si
1560 2490 1657 2537 quis
1673 2492 1940 2538 pertractare

111 2553 230 2603 velit,
264 2554 410 2603 spissa
439 2552 522 2593 sibi
540 2554 722 2602 poscant
749 2553 998 2601 volumina;
1027 2554 1202 2593 eminus
1226 2554 1370 2594 multa
1398 2559 1525 2595 erunt
1554 2557 1797 2607 indicanda,
1825 2558 1941 2596 inter

108 2631 222 2670 quae
269 2620 488 2660 demorari
535 2620 660 2659 dulce
708 2621 751 2659 et
794 2620 902 2658 utile
944 2620 1077 2669 foret;
1120 2621 1262 2660 multa
1303 2624 1432 2661 erunt
1470 2625 1799 2672 praetereunda,
1839 2634 1938 2663 cum

111 2688 288 2737 tempus
329 2690 374 2727 et
417 2687 538 2727 locus
579 2688 622 2726 in
666 2688 738 2726 via
779 2688 1022 2727 consistere
1052 2698 1139 2728 non
1171 2689 1337 2738 sinant,
1372 2691 1548 2744 cognitu
1578 2691 1849 2741 dignissima,
1885 2713 1937 2719 —

113 2755 152 2794 si
192 2755 321 2795 modo
353 2755 525 2804 possint
561 2756 777 2803 cognosci.
810 2755 922 2794 Nam
953 2755 997 2794 in
1030 2755 1271 2805 caliginosa
1302 2758 1480 2806 regione
1513 2760 1715 2798 versatur
1746 2760 1943 2807 quisquis

108 2824 295 2861 conatur
325 2822 483 2862 harum
513 2832 660 2861 rerum
694 2822 856 2870 aliquid
889 2822 1129 2871 explorare.

230 2954 361 3003 Epica.
402 2954 668 2995 Graecorum
711 2956 909 2995 carmina
951 2958 1146 2997 aetatem
1182 2958 1379 2998 tulerunt
1409 2958 1513 2998 Ilias
1544 2961 1588 2998 et
1625 2955 1833 3010 Odyssea;
1864 2961 1939 2999 sed

109 3022 156 3060 et
197 3021 283 3060 alia
324 3022 465 3061 multa
504 3022 610 3061 olim
654 3024 858 3062 extitisse
902 3033 1002 3064 cum
1042 3023 1128 3064 fert
1167 3024 1292 3075 ratio,
1340 3028 1436 3065 tum
1479 3027 1737 3068 testimonia
1782 3030 1940 3068 docent

161 3168 182 3188 a
207 3159 362 3198 Thucyd.
386 3160 421 3190 11
445 3162 486 3191 60
510 3162 529 3199 ς
553 3161 583 3191 5.

184 3215 260 3244 Van
278 3215 452 3246 Leeuwen.
469 3217 712 3248 Euchiridium.
1818 3221 1833 3248 1
