2234 3443
259 157 339 195 126
1006 162 1058 191 DE
1091 150 1309 191 coNsoms.
1933 152 1971 196 [ἐ
2004 151 2060 189 40

254 278 398 317 verbis
438 278 640 326 proferat,
679 280 727 316 ut
760 287 833 325 pro
866 276 1035 314 meritis
1068 276 1207 323 possit
1239 274 1424 322 explodi.
1457 273 1538 312 Sed
1571 274 1774 321 quoniam
1807 283 1936 312 nemo
1970 273 2067 312 hac-

253 347 383 383 tenus
430 346 571 383 musis
614 345 767 382 invitis
814 343 900 381 tale
946 343 1155 381 iudicium
1202 341 1252 379 de
1286 342 1431 388 epicae
1473 350 1652 388 poeseos
1693 341 1889 388 reliquiis
1921 340 2065 389 tulita,

255 413 418 451 diutius
450 413 623 461 ineptae
655 412 727 450 isti
761 411 991 459 hypothesi
1022 409 1249 447 immorari
1281 417 1367 445 non
1401 409 1468 445 est
1500 417 1621 456 opus.

373 480 527 518 Restat
568 480 702 527 igitur
745 480 793 516 ut
834 478 910 525 illi,
955 478 1026 523 qui
1069 476 1246 523 signum
1278 489 1308 526 f
1340 475 1485 513 textui
1517 475 1678 513 tradito
1711 475 1957 514 carminum
1990 473 2074 522 epi-

255 557 405 585 corum
445 546 724 584 inserendum
768 555 863 583 esse
897 545 1070 591 negant,
1103 542 1238 581 Fickii
1272 542 1470 590 partibus
1501 552 1548 580 se
1580 542 1795 581 addicant.
1830 541 1911 580 Sed
1943 541 2073 579 huius

255 613 338 651 viri
365 614 480 652 docti
516 613 660 661 opinio
693 613 772 650 hoc
804 611 1062 659 praesertim
1095 609 1309 657 premitur
1339 609 1616 647 incommodo
1648 609 1760 656 quod
1792 610 1908 647 iusta
1940 617 2073 646 causa

256 680 376 718 nulla
422 683 501 728 est,
549 680 601 718 ob
635 688 764 726 quam
797 688 932 717 sonus
962 692 992 729 f
1026 677 1230 715 credatur
1261 677 1313 714 ab
1341 676 1488 714 Ionica
1519 675 1705 714 dialecto
1738 676 1905 714 alienus
1936 675 2073 714 fuisse

255 757 304 786 eo
351 750 546 795 tempore
593 756 675 794 quo
724 748 853 784 natae
900 747 1003 783 sunt
1050 744 1155 782 Ilias
1202 746 1246 782 et
1287 741 1524 792 Odysseab.
1569 743 1635 781 Ex
1665 743 1772 791 ipsis
1805 743 2072 781 carminibus

256 815 476 862 probanda
517 816 634 852 esset
677 813 784 851 haec
825 822 909 861 res,
955 812 993 851 si
1033 813 1184 860 posset
1225 812 1419 859 probari;
1458 811 1534 850 sed
1566 809 1658 849 fieri
1687 809 1730 847 id
1764 810 1926 856 nequit.
1958 809 2070 847 Nam

253 892 391 929 neque
436 882 478 919 in
528 880 841 919 vetustioribus
887 879 1105 927 aliquibus
1151 879 1307 918 horum
1351 879 1597 917 carminum
1638 876 1835 925 partibus
1877 898 1929 903 —
1962 886 2072 923 quae

255 949 422 987 secerni
464 958 591 996 posse
623 947 769 985 Fickio
802 949 846 985 et
875 946 973 985 aliis
1005 948 1109 985 sunt
1139 946 1260 984 visae
1294 968 1345 973 —
1379 946 1581 993 religiose
1613 945 1816 982 servatus
1843 945 1910 981 est
1940 952 2074 980 sonus

255 1031 298 1068 f,
340 1025 478 1063 neque
520 1016 563 1053 in
606 1014 921 1053 recentioribus
962 1023 1070 1060 quas
1110 1012 1175 1050 illi
1217 1012 1432 1051 vocabant
1464 1012 1705 1059 neglectus,
1738 1009 1881 1047 Immo
1914 1009 2074 1047 circulo

257 1084 414 1122 vitioso
453 1083 649 1121 inclusus
681 1081 784 1119 Fick
815 1081 878 1119 sic
911 1080 1175 1128 disputavit:
1213 1080 1386 1128 „Ionica
1418 1079 1631 1118 dialectus
1664 1087 1713 1116 eo
1745 1079 1954 1124 tempore,
1988 1085 2072 1124 quo

259 1150 388 1198 „Ilias
429 1153 472 1188 et
513 1150 708 1197 Odyssea
748 1161 769 1189 e
813 1149 996 1187 minoris
1027 1148 1220 1187 ambitus
1251 1147 1520 1186 carminibus
1549 1146 1713 1194 aliquot
1746 1146 2073 1192 concreverunt,

259 1218 460 1266 „carebat
491 1227 597 1255 sono
623 1218 695 1268 ιβ’.
728 1240 785 1246 -
816 1216 941 1255 Unde
974 1216 1054 1254 hoc
1081 1215 1250 1254 scitur?
1279 1236 1327 1240 —
1363 1214 1452 1262 „Ex
1478 1214 1586 1262 ipsis
1614 1213 1748 1251 Iliade
1772 1214 1815 1251 et
1834 1212 2073 1260 Odyssea'’.

259 1306 310 1312 -
355 1284 577 1333 Quomodo
614 1284 656 1322 id
689 1285 787 1323 inde
821 1283 1037 1322 efficitur?
1072 1304 1127 1308 —
1162 1282 1447 1330 „Neglectum
1480 1281 1646 1330 passim
1680 1282 1747 1319 est
1777 1280 2001 1327 digamma
2030 1279 2073 1317 in

255 1352 578 1399 additamentis,
613 1362 724 1398 quae
766 1351 817 1389 ab
850 1351 1009 1390 Ionicis
1043 1350 1186 1399 poetis
1219 1352 1324 1388 sunt
1355 1348 1642 1397 composita’'.
1677 1369 1728 1374 —
1763 1347 2076 1385 Additamenta

255 1421 341 1458 ista
382 1419 594 1466 quomodo
637 1422 820 1467 possunt
862 1419 1073 1466 agnosci?
1117 1439 1169 1445 —
1213 1416 1304 1465 „Ex
1336 1416 1533 1463 neglecto
1565 1415 1825 1464 praesertim
1859 1423 1965 1452 sono
2001 1413 2076 1465 μ’.

258 1509 309 1514 -
343 1488 400 1524 At
432 1487 564 1524 etiam
597 1487 711 1524 inter
743 1496 818 1525 eos
851 1496 1017 1532 versus,
1052 1485 1124 1532 qui
1156 1484 1288 1532 prisci
1319 1487 1363 1522 et
1394 1483 1572 1531 genuini
1602 1482 1655 1520 ab
1681 1481 1884 1520 omnibus
1917 1481 2072 1519 haben-

255 1555 338 1602 tur,
380 1554 507 1592 multi
550 1556 666 1601 sunt,
710 1553 866 1600 quibus
910 1553 1134 1600 digamma
1165 1551 1284 1589 reddi
1316 1550 1467 1597 nequit
1498 1549 1584 1587 nisi
1619 1548 1774 1587 vicinis
1805 1547 1950 1586 verbis
1983 1557 2074 1585 mu·

256 1622 375 1659 tatis.
411 1643 461 1648 —
500 1621 592 1669 „Ita
623 1623 705 1668 est,
740 1621 816 1658 sed
848 1620 891 1657 hi
926 1629 1081 1657 versus
1128 1620 1232 1656 sunt
1263 1617 1550 1664 corrigendi.”

374 1688 599 1726 Probanda
649 1690 752 1726 sunt
799 1689 918 1739 naec,
966 1697 1020 1725 ne
1068 1685 1265 1724 cavillari
1313 1685 1554 1722 videamur.
1603 1683 1656 1722 Et
1708 1685 1852 1722 totum
1899 1682 2075 1730 quidem

256 1756 391 1794 Fickii
422 1756 662 1794 Homerum
698 1765 931 1803 excerpere
964 1754 1142 1801 longum
1177 1754 1259 1801 est,
1293 1752 1368 1790 sed
1393 1751 1579 1790 sufficiet
1596 1761 1697 1799 pars
1716 1750 1901 1789 modicis
1917 1749 2078 1787 finibus

257 1823 599 1870 circumscripta.
634 1821 741 1871 Quid
773 1822 906 1870 igitur
939 1821 991 1859 de
1023 1830 1129 1859 sono
1159 1835 1188 1872 f
1216 1819 1414 1867 neglecto
1441 1818 1513 1856 ille
1540 1819 1698 1855 statuit
1724 1817 1838 1855 iniis
1857 1817 2077 1864 Odysseae

255 1890 391 1938 libriS,
425 1900 532 1937 quos
556 1900 733 1928 carmen
766 1889 938 1936 aliquod
963 1889 1189 1926 vetustum
1222 1884 1309 1937 περὶ
1332 1882 1557 1923 Ὀδυσσέωσ
1584 1883 1728 1922 νόστου
1754 1884 1860 1922 011111
1880 1882 2077 1921 effecisse

258 1958 460 1996 credebat
490 1955 823 1995 Kirchhoffio?c

376 2025 554 2072 Propter
588 2025 812 2072 digamma
842 2024 886 2061 in
916 2023 1080 2061 tradito
1111 2023 1239 2060 textu
1271 2020 1522 2068 neglectum
1550 2019 1745 2057 mutavit
1777 2019 2029 2066 sequentia:

257 2107 281 2128 α
348 2093 414 2130 10.
477 2089 575 2137 εἰπὲ]
609 2090 715 2129 ἕσπε.
1163 2103 1179 2127 ε
1225 2088 1319 2127 100.
1382 2083 1418 2125 δ’
1469 2084 1519 2124 ἂν
1566 2087 1653 2131 (vel
1693 2084 1784 2138 γὰρ)
1825 2084 1943 2132 ἑκών]
1976 2099 2018 2123 κε

347 2159 417 2197 37.
479 2158 656 2208 εἴπομεν]
688 2158 871 2206 ἕσπομεν.
1451 2153 1596 2207 ρέκων.

258 2240 274 2264 ε
341 2227 410 2265 61.
473 2222 1106 2276 ἀοιδιάουσ’ὀπὶ]ἀείδοισα];οπὶ.
1228 2224 1326 2262 206.
1389 2222 1427 2260 εἴ
1466 2235 1508 2272 γε
1556 2218 1628 2270 μὲν
1674 2220 1836 2270 εἶδείησ]
1879 2219 1912 2258 εἰ
1947 2217 2018 2269 μὲν

348 2294 417 2332 96.
481 2308 547 2342 μιν
578 2291 755 2338 ἔπεσσιν]
787 2307 837 2345 fe
866 2291 1043 2345 feneam.
1448 2288 1640 2340 fad-sino.

347 2434 366 2453 a
395 2423 540 2453 Tendunt
570 2433 651 2453 sane
682 2425 716 2452 in
747 2424 835 2452 hanc
860 2423 948 2452 viam
973 2422 1066 2451 haud
1090 2430 1200 2460 pauca
1224 2429 1311 2458 quae
1335 2420 1377 2450 de
1404 2420 1595 2449 carminum
1622 2419 1801 2456 epicorum
1828 2415 2080 2455 compositione

259 2480 340 2507 sunt
360 2478 502 2515 prolata.
687 2476 702 2504 h
729 2474 935 2505 Manifestus
960 2478 1011 2504 est
1034 2474 1290 2513 paralogismus
1314 2472 1349 2502 111
1374 2473 1427 2502 his
1452 2471 1583 2501 verbis:
1611 2470 1686 2505 „die
1711 2469 1881 2499 annahme
1905 2469 1987 2498 dass
2018 2476 2079 2497 zur

262 2531 351 2566 „zeit
384 2531 529 2559 Homers
563 2529 617 2558 die
651 2528 708 2557 Ias
739 2528 799 2557 das
831 2528 1003 2564 digamma
1029 2525 1195 2565 [initiale]
1221 2525 1310 2555 noch
1332 2527 1440 2555 intact
1463 2524 1629 2553 beseeeen
1652 2523 1758 2558 hatte,
1783 2522 1869 2552 lasst
1891 2521 1966 2551 sich
1991 2529 2079 2550 zwar

261 2591 343 2618 „aus
367 2582 503 2618 mangel
526 2589 567 2609 an
593 2581 726 2609 uralten
750 2581 890 2617 quellen
913 2580 974 2609 des
998 2580 1176 2609 ionischen
1200 2578 1345 2608 dialects
1369 2577 1464 2606 nicht
1486 2576 1725 2614 wiederlegen,
1749 2574 1833 2605 wird
1865 2574 1946 2604 aber
1972 2573 2078 2603 sehon

262 2635 436 2672 „dadurch
466 2634 618 2663 ausserst
648 2632 994 2667 unwahrscbeinlich‚
1019 2632 1099 2661 dass
1122 2630 1213 2660 auch
1235 2630 1301 2660 den
1324 2629 1482 2659 Attikern
1507 2629 1566 2658 das
1591 2628 1765 2666 digamma
1788 2627 1892 2664 v'dllig
1916 2625 2080 2663 mangelt,

261 2688 394 2723 „dieser
423 2688 497 2716 laut
519 2686 591 2715 also
615 2685 692 2714 (lem
719 2686 897 2715 ionisohen
922 2689 1069 2715 stamme
1093 2685 1199 2714 sehon
1224 2693 1284 2714 vor
1310 2684 1371 2713 der
1395 2683 1606 2720 wanderung
1631 2682 1690 2711 der
1715 2681 1829 2711 Ionier
1853 2679 1941 2709 nach
1964 2679 2080 2708 Klein·

263 2742 377 2776 „asien
402 2739 535 2777 gesehlt
557 2747 598 2768 zu
621 2738 735 2767 haben
760 2736 916 2768 scheint‘'
941 2738 1022 2767 Fick
1047 2737 1167 2775 Odyss.
1195 2739 1244 2766 11.
1269 2737 1354 2766 Nam
1379 2735 1511 2765 Atticae
1535 2733 1676 2764 dialecti
1701 2735 1815 2763 fontes
1839 2731 1889 2761 illi
1914 2731 2082 2768 antiquis-

262 2795 351 2828 simi,
376 2792 467 2822 unde
490 2794 656 2829 appareat
680 2799 799 2820 sonum
825 2802 847 2827 f
873 2790 1018 2819 Athenis
1041 2799 1083 2819 110
1109 2794 1187 2819 ante
1212 2789 1265 2827 τὴν
1286 2788 1422 2826 Ἰωνικὴν
1448 2786 1588 2825 quidem
1613 2789 1759 2816 ἀποικίαν
1782 2786 1853 2814 sive
1876 2781 2081 2813 duodecimo

263 2852 341 2875 ante
366 2843 541 2873 Christum
565 2844 706 2873 saeculo
730 2842 868 2880 vixisse,
893 2843 953 2872 ubi
976 2841 1076 2872 sunt?
1098 2842 1132 2872 Si
1157 2843 1235 2880 quis
1260 2841 1446 2871 contendat
1468 2841 1600 2869 Atticas
1612 2838 1748 2877 puellas
1767 2853 1801 2858 —
1816 2845 1869 2866 not
1895 2835 2080 2866 Erechthei

263 2898 398 2927 Ionisve
421 2905 517 2932 aevo,
540 2896 601 2925 sed
625 2895 747 2925 multis
768 2895 918 2925 saeculis
944 2898 1033 2933 post,
1058 2896 1147 2924 inter
1171 2894 1368 2924 saltandum
1389 2895 1566 2923 cantasse:
1589 2895 1672 2926 „noo
1689 2901 1742 2927 μοι
1756 2890 1792 2919 τὰ
1804 2886 1896 2927 μεθ’,
1909 2888 2079 2926 quomodo

264 2949 330 2979 erit
348 2951 419 2978 refe
436 2949 582 2980 lendus‘?
615 2950 640 2978 A
654 2947 784 2978 vetandi
803 2957 883 2977 vero
905 2950 937 2976 et
956 2946 1086 2986 coqendz·
1106 2947 1220 2976 verbis
1240 2948 1420 2985 profectus
1441 2944 1522 2975 Fick
1534 2948 1654 2983 (supra
1669 2951 1747 2982 pag.
1763 2943 1823 2972 125
1837 2942 1870 2976 a)
1883 2941 1925 2970 ad
1938 2950 1978 2970 ea
1991 2949 2079 2978 quae

263 3002 329 3031 sibi
351 3001 534 3031 viderentur
553 3003 602 3030 sic
623 3000 778 3035 devenit3
799 3001 940 3030 Aeolum
963 3003 1077 3029 autem
1098 2999 1216 3037 lingua
1236 3000 1295 3028 illa
1315 3001 1464 3035 vetusta,
1484 2997 1519 3026 in
1540 3005 1643 3034 quam
1665 2993 1818 3024 carmina
1831 2994 1928 3032 epioa
1941 3002 2080 3022 conver-

264 3059 337 3084 tere
359 3059 500 3083 conatus
524 3059 585 3090 est,
611 3054 781 3083 undenam
806 3056 859 3082 eet
883 3053 1041 3089 cognita?
1066 3052 1150 3081 Nam
1174 3053 1287 3089 quarti
1311 3051 1440 3080 saeculi
1464 3049 1570 3079 dictio
1589 3048 1737 3078 Aeoliae
1756 3046 1928 3085 lapidibus
1942 3044 2081 3083 cognita

266 3107 307 3137 ad
332 3107 419 3136 hanc
446 3107 681 3144 quaestionem
707 3106 904 3135 solvendam
929 3104 1013 3133 nihil
1041 3105 1185 3133 confert.
1321 3112 1337 3133 c
1360 3103 1447 3133 Sunt
1472 3102 1550 3131 libri
1574 3112 1603 3134 α,
1628 3113 1650 3135 ε,
1674 3101 1697 3134 ζ,
1722 3110 1748 3137 η,
1773 3112 1791 3134 ι,
1816 3102 1842 3134 λ,
1867 3110 1890 3127 ι’.
