<?xml version="1.0" encoding="UTF-8"?>
<!DOCTYPE html PUBLIC "-//W3C//DTD XHTML 1.0 Transitional//EN"
    "http://www.w3.org/TR/xhtml1/DTD/xhtml1-transitional.dtd">
<html xmlns="http://www.w3.org/1999/xhtml" xml:lang="en" lang="en">
 <head>
  <title>
</title>
<meta http-equiv="Content-Type" content="text/html;charset=utf-8" />
  <meta name='ocr-system' content='tesseract 3.04.00' />
  <meta name='ocr-capabilities' content='ocr_page ocr_carea ocr_par ocr_line ocrx_word'/>
</head>
<body>
  <div class='ocr_page' id='page_1' title='image "./enchiridiumdicti00leeuuoft_0160.png"; bbox 0 0 2234 3443; ppageno 0'>
   <div class='ocr_carea' id='block_1_1' title="bbox 261 88 2075 150">
    <p class='ocr_par' dir='ltr' id='par_1_1' title="bbox 261 88 2075 150">
     <span class='ocr_line' id='line_1_1' title="bbox 261 88 2075 150; baseline 0.009 -24"><span class='ocrx_word' id='word_1_1' title='bbox 261 88 343 127; x_wconf 87' lang='lat'>136</span> <span class='ocrx_word' id='word_1_2' title='bbox 1008 104 1062 132; x_wconf 80' lang='lat' dir='ltr'>nn</span> <span class='ocrx_word' id='word_1_3' title='bbox 1095 104 1312 135; x_wconf 66' lang='lat' dir='ltr'>consonis.</span> <span class='ocrx_word' id='word_1_4' title='bbox 1942 105 1980 150; x_wconf 68' lang='grc' dir='ltr'>[ἓ</span> <span class='ocrx_word' id='word_1_5' title='bbox 2013 105 2075 143; x_wconf 82' lang='grc'>40</span> 
     </span>
    </p>
   </div>
   <div class='ocr_carea' id='block_1_2' title="bbox 241 215 2072 1344">
    <p class='ocr_par' dir='ltr' id='par_1_2' title="bbox 253 215 2072 536">
     <span class='ocr_line' id='line_1_2' title="bbox 255 215 2072 278; baseline 0.008 -27"><span class='ocrx_word' id='word_1_6' title='bbox 255 224 414 253; x_wconf 89' lang='lat' dir='ltr'>nomen</span> <span class='ocrx_word' id='word_1_7' title='bbox 457 215 766 266; x_wconf 66' lang='lat' dir='ltr'>qunfoivaasav</span> <span class='ocrx_word' id='word_1_8' title='bbox 807 218 914 257; x_wconf 87' lang='lat' dir='ltr'>haec</span> <span class='ocrx_word' id='word_1_9' title='bbox 951 224 1278 259; x_wconf 90' lang='lat' dir='ltr'>concreverunt.</span> <span class='ocrx_word' id='word_1_10' title='bbox 1310 220 1499 261; x_wconf 88' lang='lat' dir='ltr'>Dictioni</span> <span class='ocrx_word' id='word_1_11' title='bbox 1531 224 1677 272; x_wconf 90' lang='lat' dir='ltr'>epicae</span> <span class='ocrx_word' id='word_1_12' title='bbox 1709 235 1807 264; x_wconf 92' lang='lat' dir='ltr'>cum</span> <span class='ocrx_word' id='word_1_13' title='bbox 1841 226 1996 278; x_wconf 62' lang='lat' dir='ltr'>&amp;favos</span> <span class='ocrx_word' id='word_1_14' title='bbox 2029 232 2072 268; x_wconf 84' lang='lat' dir='ltr'>et</span> 
     </span>
     <span class='ocr_line' id='line_1_3' title="bbox 256 281 2070 344; baseline 0.009 -26"><span class='ocrx_word' id='word_1_15' title='bbox 256 281 414 332; x_wconf 56' lang='grc' dir='ltr'><em>δρεῖμοσ</em></span> <span class='ocrx_word' id='word_1_16' title='bbox 447 284 489 321; x_wconf 91' lang='lat' dir='ltr'>et</span> <span class='ocrx_word' id='word_1_17' title='bbox 520 282 633 335; x_wconf 66' lang='lat' dir='ltr'>cifs&#39;oo·</span> <span class='ocrx_word' id='word_1_18' title='bbox 665 284 925 334; x_wconf 88' lang='lat' dir='ltr'>tribuuntur,</span> <span class='ocrx_word' id='word_1_19' title='bbox 959 287 1091 324; x_wconf 88' lang='lat' dir='ltr'>simul</span> <span class='ocrx_word' id='word_1_20' title='bbox 1121 286 1270 338; x_wconf 56' lang='lat' dir='ltr'>§ciserae</span> <span class='ocrx_word' id='word_1_21' title='bbox 1301 290 1345 327; x_wconf 91' lang='lat' dir='ltr'>et</span> <span class='ocrx_word' id='word_1_22' title='bbox 1371 287 1554 340; x_wconf 63' lang='lat' dir='ltr'>didfocna</span> <span class='ocrx_word' id='word_1_23' title='bbox 1581 293 1624 329; x_wconf 91' lang='lat' dir='ltr'>et</span> <span class='ocrx_word' id='word_1_24' title='bbox 1649 289 1797 344; x_wconf 56' lang='lat' dir='ltr'>&amp;adseris</span> <span class='ocrx_word' id='word_1_25' title='bbox 1822 293 2070 334; x_wconf 82' lang='lat' dir='ltr'>tribuantur</span> 
     </span>
     <span class='ocr_line' id='line_1_4' title="bbox 255 350 2069 411; baseline 0.007 -24"><span class='ocrx_word' id='word_1_26' title='bbox 255 352 438 398; x_wconf 78' lang='lat' dir='ltr'><strong>oportet.</strong></span> <span class='ocrx_word' id='word_1_27' title='bbox 488 350 567 399; x_wconf 85' lang='lat' dir='ltr'>Qui</span> <span class='ocrx_word' id='word_1_28' title='bbox 611 351 692 403; x_wconf 65' lang='lat' dir='ltr'>fcio</span> <span class='ocrx_word' id='word_1_29' title='bbox 731 362 754 391; x_wconf 87' lang='lat' dir='ltr'>e</span> <span class='ocrx_word' id='word_1_30' title='bbox 796 352 892 404; x_wconf 64' lang='lat' dir='ltr'>6f66</span> <span class='ocrx_word' id='word_1_31' title='bbox 933 355 1087 391; x_wconf 90' lang='lat' dir='ltr'>natum</span> <span class='ocrx_word' id='word_1_32' title='bbox 1128 354 1330 392; x_wconf 89' lang='lat' dir='ltr'>dictionis</span> <span class='ocrx_word' id='word_1_33' title='bbox 1371 356 1518 404; x_wconf 89' lang='lat' dir='ltr'>epicae</span> <span class='ocrx_word' id='word_1_34' title='bbox 1559 357 1695 397; x_wconf 88' lang='lat' dir='ltr'>fuisse</span> <span class='ocrx_word' id='word_1_35' title='bbox 1735 361 1889 411; x_wconf 88' lang='lat' dir='ltr'>sensit,</span> <span class='ocrx_word' id='word_1_36' title='bbox 1931 361 2069 401; x_wconf 86' lang='lat' dir='ltr'>etiam</span> 
     </span>
     <span class='ocr_line' id='line_1_5' title="bbox 254 415 2069 478; baseline 0.007 -24"><span class='ocrx_word' id='word_1_37' title='bbox 254 415 513 464; x_wconf 85' lang='lat' dir='ltr'>disyllabam</span> <span class='ocrx_word' id='word_1_38' title='bbox 560 418 690 457; x_wconf 88' lang='lat' dir='ltr'>huius</span> <span class='ocrx_word' id='word_1_39' title='bbox 736 419 1006 467; x_wconf 86' lang='lat' dir='ltr'>pronominis</span> <span class='ocrx_word' id='word_1_40' title='bbox 1047 420 1234 459; x_wconf 85' lang='lat' dir='ltr'>formam</span> <span class='ocrx_word' id='word_1_41' title='bbox 1277 419 1380 473; x_wconf 54' lang='lat' dir='ltr'>gfdc,</span> <span class='ocrx_word' id='word_1_42' title='bbox 1421 432 1530 470; x_wconf 90' lang='lat' dir='ltr'>quae</span> <span class='ocrx_word' id='word_1_43' title='bbox 1573 427 1688 476; x_wconf 65' lang='lat' dir='ltr'>csfo&#39;o</span> <span class='ocrx_word' id='word_1_44' title='bbox 1728 426 1809 465; x_wconf 89' lang='lat' dir='ltr'>fuit</span> <span class='ocrx_word' id='word_1_45' title='bbox 1850 427 2069 478; x_wconf 85' lang='lat' dir='ltr'>primitus,</span> 
     </span>
     <span class='ocr_line' id='line_1_6' title="bbox 253 483 1081 536; baseline 0.006 -16"><span class='ocrx_word' id='word_1_46' title='bbox 253 483 377 531; x_wconf 87' lang='lat' dir='ltr'>signo</span> <span class='ocrx_word' id='word_1_47' title='bbox 403 499 432 536; x_wconf 72' lang='lat' dir='ltr'>J:</span> <span class='ocrx_word' id='word_1_48' title='bbox 465 484 579 523; x_wconf 90' lang='lat' dir='ltr'>haud</span> <span class='ocrx_word' id='word_1_49' title='bbox 613 489 867 525; x_wconf 78' lang='lat' dir='ltr'>cunctanter</span> <span class='ocrx_word' id='word_1_50' title='bbox 899 486 1081 526; x_wconf 91' lang='lat' dir='ltr'>ornabit.</span> 
     </span>
    </p>

    <p class='ocr_par' dir='ltr' id='par_1_3' title="bbox 246 550 2068 1009">
     <span class='ocr_line' id='line_1_7' title="bbox 370 550 2068 609; baseline 0.007 -20"><span class='ocrx_word' id='word_1_51' title='bbox 370 550 603 590; x_wconf 87' lang='lat' dir='ltr'>Praeterea</span> <span class='ocrx_word' id='word_1_52' title='bbox 631 553 878 592; x_wconf 84' lang='lat' dir='ltr'>dubitatum</span> <span class='ocrx_word' id='word_1_53' title='bbox 912 557 978 592; x_wconf 87' lang='lat' dir='ltr'>est</span> <span class='ocrx_word' id='word_1_54' title='bbox 1011 564 1064 592; x_wconf 91' lang='lat' dir='ltr'>an</span> <span class='ocrx_word' id='word_1_55' title='bbox 1095 553 1223 607; x_wconf 51' lang='grc' dir='ltr'>,ρρέζω</span> <span class='ocrx_word' id='word_1_56' title='bbox 1257 558 1302 594; x_wconf 89' lang='lat' dir='ltr'>et</span> <span class='ocrx_word' id='word_1_57' title='bbox 1330 556 1476 607; x_wconf 65' lang='lat' dir='ltr'>fpzvdo</span> <span class='ocrx_word' id='word_1_58' title='bbox 1509 559 1552 595; x_wconf 89' lang='lat' dir='ltr'>et</span> <span class='ocrx_word' id='word_1_59' title='bbox 1583 559 1745 598; x_wconf 91' lang='lat' dir='ltr'>similia</span> <span class='ocrx_word' id='word_1_60' title='bbox 1772 571 1847 609; x_wconf 87' lang='lat' dir='ltr'>pro</span> <span class='ocrx_word' id='word_1_61' title='bbox 1876 560 1969 609; x_wconf 73' lang='grc' dir='ltr'>ῥέζω</span> <span class='ocrx_word' id='word_1_62' title='bbox 1997 562 2068 601; x_wconf 89' lang='lat' dir='ltr'>vel</span> 
     </span>
     <span class='ocr_line' id='line_1_8' title="bbox 251 615 2068 670; baseline 0.007 -15"><span class='ocrx_word' id='word_1_63' title='bbox 251 615 363 667; x_wconf 78' lang='grc' dir='ltr'><strong><em>ῥῑνόσ</em></strong></span> <span class='ocrx_word' id='word_1_64' title='bbox 404 621 554 657; x_wconf 82' lang='lat' dir='ltr'>essent</span> <span class='ocrx_word' id='word_1_65' title='bbox 588 620 814 659; x_wconf 85' lang='lat' dir='ltr'>scribenda</span> <span class='ocrx_word' id='word_1_66' title='bbox 827 629 859 659; x_wconf 76' lang='lat' dir='ltr'>a.</span> <span class='ocrx_word' id='word_1_67' title='bbox 894 621 975 660; x_wconf 87' lang='lat' dir='ltr'>Sed</span> <span class='ocrx_word' id='word_1_68' title='bbox 1008 622 1061 660; x_wconf 87' lang='lat' dir='ltr'>ad</span> <span class='ocrx_word' id='word_1_69' title='bbox 1094 622 1318 670; x_wconf 85' lang='lat' dir='ltr'>digamma</span> <span class='ocrx_word' id='word_1_70' title='bbox 1351 625 1748 665; x_wconf 88' lang='lat' dir='ltr'>commendandum</span> <span class='ocrx_word' id='word_1_71' title='bbox 1780 629 1887 666; x_wconf 83' lang='lat' dir='ltr'>nihil</span> <span class='ocrx_word' id='word_1_72' title='bbox 1920 628 2068 667; x_wconf 86' lang='lat' dir='ltr'>valent</span> 
     </span>
     <span class='ocr_line' id='line_1_9' title="bbox 250 684 2067 741; baseline 0.007 -18"><span class='ocrx_word' id='word_1_73' title='bbox 250 685 403 724; x_wconf 87' lang='lat' dir='ltr'>verba:</span> <span class='ocrx_word' id='word_1_74' title='bbox 439 685 509 724; x_wconf 82' lang='grc' dir='ltr'>δὸσ</span> <span class='ocrx_word' id='word_1_75' title='bbox 541 684 584 724; x_wconf 50' lang='lat' dir='ltr'>dr</span> <span class='ocrx_word' id='word_1_76' title='bbox 614 686 736 737; x_wconf 81' lang='grc' dir='ltr'><em>ῥάκοσ</em></span> <span class='ocrx_word' id='word_1_77' title='bbox 771 686 1076 737; x_wconf 78' lang='grc' dir='ltr'><em>ἀμφιβαλέσθαι</em></span> <span class='ocrx_word' id='word_1_78' title='bbox 1104 689 1194 728; x_wconf 82' lang='lat' dir='ltr'>vel:</span> <span class='ocrx_word' id='word_1_79' title='bbox 1229 688 1338 727; x_wconf 75' lang='grc' dir='ltr'><em>ἄλλοι</em></span> <span class='ocrx_word' id='word_1_80' title='bbox 1370 688 1413 728; x_wconf 62' lang='grc' dir='ltr'>δὲ</span> <span class='ocrx_word' id='word_1_81' title='bbox 1443 690 1602 741; x_wconf 80' lang='grc' dir='ltr'><em>ρῑνοῖσι,</em></span> <span class='ocrx_word' id='word_1_82' title='bbox 1633 693 1788 740; x_wconf 90' lang='lat' dir='ltr'>quibus</span> <span class='ocrx_word' id='word_1_83' title='bbox 1820 696 1965 734; x_wconf 90' lang='lat' dir='ltr'>simile</span> <span class='ocrx_word' id='word_1_84' title='bbox 1998 698 2067 734; x_wconf 89' lang='lat' dir='ltr'>est</span> 
     </span>
     <span class='ocr_line' id='line_1_10' title="bbox 249 752 2067 812; baseline 0.005 -22"><span class='ocrx_word' id='word_1_85' title='bbox 249 752 361 799; x_wconf 92' lang='lat' dir='ltr'>quod</span> <span class='ocrx_word' id='word_1_86' title='bbox 406 753 536 792; x_wconf 90' lang='lat' dir='ltr'>habet</span> <span class='ocrx_word' id='word_1_87' title='bbox 578 754 778 792; x_wconf 87' lang='lat' dir='ltr'>trimeter</span> <span class='ocrx_word' id='word_1_88' title='bbox 823 756 978 794; x_wconf 90' lang='lat' dir='ltr'>comici</span> <span class='ocrx_word' id='word_1_89' title='bbox 1019 757 1325 795; x_wconf 85' lang='lat' dir='ltr'>Atheniensis:</span> <span class='ocrx_word' id='word_1_90' title='bbox 1371 757 1444 795; x_wconf 82' lang='grc' dir='ltr'>οὐκ</span> <span class='ocrx_word' id='word_1_91' title='bbox 1486 754 1569 795; x_wconf 78' lang='grc' dir='ltr'><strong>ἔσθ’</strong></span> <span class='ocrx_word' id='word_1_92' title='bbox 1611 757 1720 797; x_wconf 68' lang='lat' dir='ltr'>{inmo</span> <span class='ocrx_word' id='word_1_93' title='bbox 1752 758 1770 798; x_wconf 85' lang='grc' dir='ltr'>ὁ</span> <span class='ocrx_word' id='word_1_94' title='bbox 1803 761 1977 812; x_wconf 76' lang='grc' dir='ltr'>χρησμὸσ</span> <span class='ocrx_word' id='word_1_95' title='bbox 2009 762 2067 800; x_wconf 80' lang='grc' dir='ltr'>εἰσ</span> 
     </span>
     <span class='ocr_line' id='line_1_11' title="bbox 248 819 2065 878; baseline 0.007 -22"><span class='ocrx_word' id='word_1_96' title='bbox 248 824 363 857; x_wconf 72' lang='lat' dir='ltr'>moto</span> <span class='ocrx_word' id='word_1_97' title='bbox 390 819 508 870; x_wconf 79' lang='grc' dir='ltr'><strong><em>ῥέπει.</em></strong></span> <span class='ocrx_word' id='word_1_98' title='bbox 536 821 584 859; x_wconf 91' lang='lat' dir='ltr'>In</span> <span class='ocrx_word' id='word_1_99' title='bbox 613 821 712 860; x_wconf 80' lang='lat' dir='ltr'>thesi</span> <span class='ocrx_word' id='word_1_100' title='bbox 738 825 885 861; x_wconf 87' lang='lat' dir='ltr'>autem</span> <span class='ocrx_word' id='word_1_101' title='bbox 914 823 1082 862; x_wconf 90' lang='lat' dir='ltr'>multae</span> <span class='ocrx_word' id='word_1_102' title='bbox 1109 824 1283 863; x_wconf 87' lang='lat' dir='ltr'>vocales</span> <span class='ocrx_word' id='word_1_103' title='bbox 1310 825 1463 864; x_wconf 85' lang='lat' dir='ltr'>breves</span> <span class='ocrx_word' id='word_1_104' title='bbox 1490 826 1589 864; x_wconf 88' lang='lat' dir='ltr'>ante</span> <span class='ocrx_word' id='word_1_105' title='bbox 1614 826 1831 866; x_wconf 87' lang='lat' dir='ltr'>initialem</span> <span class='ocrx_word' id='word_1_106' title='bbox 1857 838 2015 868; x_wconf 89' lang='lat' dir='ltr'>sonum</span> <span class='ocrx_word' id='word_1_107' title='bbox 2043 844 2065 878; x_wconf 79' lang='grc' dir='ltr'><em>ρ</em></span> 
     </span>
     <span class='ocr_line' id='line_1_12' title="bbox 247 886 2064 941; baseline 0.006 -17"><span class='ocrx_word' id='word_1_108' title='bbox 247 896 331 924; x_wconf 78' lang='lat' dir='ltr'>non</span> <span class='ocrx_word' id='word_1_109' title='bbox 358 890 462 926; x_wconf 89' lang='lat' dir='ltr'>sunt</span> <span class='ocrx_word' id='word_1_110' title='bbox 487 886 772 936; x_wconf 76' lang='lat' dir='ltr'>productaeb3</span> <span class='ocrx_word' id='word_1_111' title='bbox 808 890 953 938; x_wconf 85' lang='lat' dir='ltr'>itaque</span> <span class='ocrx_word' id='word_1_112' title='bbox 980 893 1132 939; x_wconf 90' lang='lat' dir='ltr'>poetas</span> <span class='ocrx_word' id='word_1_113' title='bbox 1164 893 1308 940; x_wconf 85' lang='lat' dir='ltr'>epicos</span> <span class='ocrx_word' id='word_1_114' title='bbox 1340 893 1564 941; x_wconf 84' lang='lat' dir='ltr'>digamma</span> <span class='ocrx_word' id='word_1_115' title='bbox 1589 893 1756 932; x_wconf 86' lang='lat' dir='ltr'>initiale</span> <span class='ocrx_word' id='word_1_116' title='bbox 1783 897 1881 934; x_wconf 83' lang='lat' dir='ltr'>ante</span> <span class='ocrx_word' id='word_1_117' title='bbox 1906 906 2064 935; x_wconf 90' lang='lat' dir='ltr'>sonum</span> 
     </span>
     <span class='ocr_line' id='line_1_13' title="bbox 246 957 1600 1009; baseline 0.006 -18"><span class='ocrx_word' id='word_1_118' title='bbox 246 967 287 1002; x_wconf 78' lang='grc' dir='ltr'>ρ-</span> <span class='ocrx_word' id='word_1_119' title='bbox 319 963 403 992; x_wconf 93' lang='lat' dir='ltr'>non</span> <span class='ocrx_word' id='word_1_120' title='bbox 436 964 637 994; x_wconf 88' lang='lat' dir='ltr'>servasse</span> <span class='ocrx_word' id='word_1_121' title='bbox 670 959 862 1006; x_wconf 87' lang='lat' dir='ltr'>apparet,</span> <span class='ocrx_word' id='word_1_122' title='bbox 896 958 972 996; x_wconf 91' lang='lat' dir='ltr'>sed</span> <span class='ocrx_word' id='word_1_123' title='bbox 1005 957 1099 1008; x_wconf 78' lang='grc' dir='ltr'><em>ῥέζω</em></span> <span class='ocrx_word' id='word_1_124' title='bbox 1133 961 1175 1000; x_wconf 89' lang='lat' dir='ltr'>et</span> <span class='ocrx_word' id='word_1_125' title='bbox 1207 959 1389 1009; x_wconf 78' lang='grc' dir='ltr'>ἔ(ρ)ρεζου</span> <span class='ocrx_word' id='word_1_126' title='bbox 1422 961 1600 999; x_wconf 86' lang='lat' dir='ltr'>dixisse.</span> 
     </span>
    </p>

    <p class='ocr_par' dir='ltr' id='par_1_4' title="bbox 241 1021 2063 1344">
     <span class='ocr_line' id='line_1_14' title="bbox 364 1021 2063 1079; baseline 0.005 -20"><span class='ocrx_word' id='word_1_127' title='bbox 364 1021 407 1059; x_wconf 90' lang='lat' dir='ltr'>Si</span> <span class='ocrx_word' id='word_1_128' title='bbox 451 1032 552 1061; x_wconf 89' lang='lat' dir='ltr'>vero</span> <span class='ocrx_word' id='word_1_129' title='bbox 594 1022 721 1075; x_wconf 62' lang='grc' dir='ltr'>ιρρέζω</span> <span class='ocrx_word' id='word_1_130' title='bbox 765 1027 807 1063; x_wconf 88' lang='lat' dir='ltr'>et</span> <span class='ocrx_word' id='word_1_131' title='bbox 847 1025 994 1077; x_wconf 65' lang='lat' dir='ltr'>fpzvdo</span> <span class='ocrx_word' id='word_1_132' title='bbox 1036 1026 1078 1064; x_wconf 88' lang='lat' dir='ltr'>in</span> <span class='ocrx_word' id='word_1_133' title='bbox 1121 1027 1277 1075; x_wconf 86' lang='lat' dir='ltr'>priscis</span> <span class='ocrx_word' id='word_1_134' title='bbox 1310 1027 1583 1066; x_wconf 86' lang='lat' dir='ltr'>carminibus</span> <span class='ocrx_word' id='word_1_135' title='bbox 1614 1029 1842 1068; x_wconf 87' lang='lat' dir='ltr'>scribenda</span> <span class='ocrx_word' id='word_1_136' title='bbox 1874 1031 2063 1079; x_wconf 89' lang='lat' dir='ltr'>cuipiam</span> 
     </span>
     <span class='ocr_line' id='line_1_15' title="bbox 245 1088 2061 1147; baseline 0.006 -22"><span class='ocrx_word' id='word_1_137' title='bbox 245 1088 489 1138; x_wconf 85' lang='lat' dir='ltr'>videantur,</span> <span class='ocrx_word' id='word_1_138' title='bbox 538 1091 688 1138; x_wconf 91' lang='lat' dir='ltr'>quidni</span> <span class='ocrx_word' id='word_1_139' title='bbox 736 1093 870 1131; x_wconf 88' lang='lat' dir='ltr'>etiam</span> <span class='ocrx_word' id='word_1_140' title='bbox 919 1091 1087 1142; x_wconf 81' lang='grc' dir='ltr'><em>ἐΰσροοσ</em></span> <span class='ocrx_word' id='word_1_141' title='bbox 1128 1094 1292 1133; x_wconf 90' lang='lat' dir='ltr'>scribat</span> <span class='ocrx_word' id='word_1_142' title='bbox 1333 1094 1405 1133; x_wconf 91' lang='lat' dir='ltr'>ille</span> <span class='ocrx_word' id='word_1_143' title='bbox 1448 1097 1491 1133; x_wconf 89' lang='lat' dir='ltr'>et</span> <span class='ocrx_word' id='word_1_144' title='bbox 1525 1090 1684 1143; x_wconf 79' lang='grc' dir='ltr'>’σρέπεν</span> <span class='ocrx_word' id='word_1_145' title='bbox 1726 1092 1833 1145; x_wconf 73' lang='grc' dir='ltr'>ἦμαρ</span> <span class='ocrx_word' id='word_1_146' title='bbox 1867 1099 2061 1147; x_wconf 54' lang='lat' dir='ltr'>Alauona?</span> 
     </span>
     <span class='ocr_line' id='line_1_16' title="bbox 244 1155 2060 1213; baseline 0.006 -20"><span class='ocrx_word' id='word_1_147' title='bbox 244 1155 393 1202; x_wconf 90' lang='lat' dir='ltr'>quidni</span> <span class='ocrx_word' id='word_1_148' title='bbox 419 1155 571 1208; x_wconf 50' lang='grc' dir='ltr'>ἕσραδε,</span> <span class='ocrx_word' id='word_1_149' title='bbox 598 1156 760 1208; x_wconf 51' lang='grc' dir='ltr'><em>ἕσρωθε,</em></span> <span class='ocrx_word' id='word_1_150' title='bbox 786 1159 992 1211; x_wconf 50' lang='grc' dir='ltr'><em>σμεκυρόσ,</em></span> <span class='ocrx_word' id='word_1_151' title='bbox 1018 1160 1144 1213; x_wconf 62' lang='lat' dir='ltr'>afric?</span> <span class='ocrx_word' id='word_1_152' title='bbox 1177 1161 1292 1210; x_wconf 79' lang='lat' dir='ltr'>Quae</span> <span class='ocrx_word' id='word_1_153' title='bbox 1323 1163 1536 1209; x_wconf 89' lang='lat' dir='ltr'>genuinae</span> <span class='ocrx_word' id='word_1_154' title='bbox 1563 1162 1804 1211; x_wconf 90' lang='lat' dir='ltr'>probaeque</span> <span class='ocrx_word' id='word_1_155' title='bbox 1828 1164 2060 1212; x_wconf 88' lang='lat' dir='ltr'>aliquando</span> 
     </span>
     <span class='ocr_line' id='line_1_17' title="bbox 241 1222 2063 1279; baseline 0.007 -20"><span class='ocrx_word' id='word_1_156' title='bbox 241 1222 285 1260; x_wconf 89' lang='lat' dir='ltr'>in</span> <span class='ocrx_word' id='word_1_157' title='bbox 328 1222 509 1263; x_wconf 83' lang='lat' dir='ltr'>Graecia</span> <span class='ocrx_word' id='word_1_158' title='bbox 549 1226 667 1264; x_wconf 84' lang='lat' dir='ltr'>fuere</span> <span class='ocrx_word' id='word_1_159' title='bbox 709 1227 941 1266; x_wconf 88' lang='lat' dir='ltr'>verborum</span> <span class='ocrx_word' id='word_1_160' title='bbox 984 1227 1162 1276; x_wconf 80' lang='lat' dir='ltr'>figurae.</span> <span class='ocrx_word' id='word_1_161' title='bbox 1201 1229 1271 1268; x_wconf 84' lang='lat' dir='ltr'>Sic</span> <span class='ocrx_word' id='word_1_162' title='bbox 1303 1239 1405 1267; x_wconf 88' lang='lat' dir='ltr'>vero</span> <span class='ocrx_word' id='word_1_163' title='bbox 1438 1229 1609 1277; x_wconf 89' lang='lat' dir='ltr'>longius</span> <span class='ocrx_word' id='word_1_164' title='bbox 1642 1230 1901 1279; x_wconf 88' lang='lat' dir='ltr'>longiusque</span> <span class='ocrx_word' id='word_1_165' title='bbox 1935 1242 1958 1270; x_wconf 91' lang='lat' dir='ltr'>a</span> <span class='ocrx_word' id='word_1_166' title='bbox 1992 1233 2063 1271; x_wconf 85' lang='lat' dir='ltr'>via.</span> 
     </span>
     <span class='ocr_line' id='line_1_18' title="bbox 242 1290 2061 1344; baseline 0.006 -17"><span class='ocrx_word' id='word_1_167' title='bbox 242 1290 347 1328; x_wconf 89' lang='lat' dir='ltr'>trita</span> <span class='ocrx_word' id='word_1_168' title='bbox 373 1291 596 1339; x_wconf 87' lang='lat' dir='ltr'>digressus</span> <span class='ocrx_word' id='word_1_169' title='bbox 624 1293 763 1332; x_wconf 88' lang='lat' dir='ltr'>editor</span> <span class='ocrx_word' id='word_1_170' title='bbox 791 1304 946 1334; x_wconf 89' lang='lat' dir='ltr'>cavere</span> <span class='ocrx_word' id='word_1_171' title='bbox 973 1296 1047 1333; x_wconf 80' lang='lat' dir='ltr'>vix</span> <span class='ocrx_word' id='word_1_172' title='bbox 1074 1297 1234 1344; x_wconf 86' lang='lat' dir='ltr'>poterit</span> <span class='ocrx_word' id='word_1_173' title='bbox 1259 1297 1495 1344; x_wconf 90' lang='lat' dir='ltr'>quominus</span> <span class='ocrx_word' id='word_1_174' title='bbox 1523 1297 1700 1336; x_wconf 83' lang='lat' dir='ltr'>haereat</span> <span class='ocrx_word' id='word_1_175' title='bbox 1725 1300 1769 1336; x_wconf 92' lang='lat' dir='ltr'>in</span> <span class='ocrx_word' id='word_1_176' title='bbox 1797 1299 1903 1337; x_wconf 89' lang='lat' dir='ltr'>locis</span> <span class='ocrx_word' id='word_1_177' title='bbox 1926 1300 2061 1338; x_wconf 88' lang='lat' dir='ltr'>tescis</span> 
     </span>
    </p>
   </div>
   <div class='ocr_carea' id='block_1_3' title="bbox 240 1358 1133 1410">
    <p class='ocr_par' dir='ltr' id='par_1_5' title="bbox 240 1358 1133 1410">
     <span class='ocr_line' id='line_1_19' title="bbox 240 1358 1133 1410; baseline 0.009 -15"><span class='ocrx_word' id='word_1_178' title='bbox 240 1358 476 1408; x_wconf 75' lang='lat' dir='ltr'>semisque,</span> <span class='ocrx_word' id='word_1_179' title='bbox 511 1360 689 1399; x_wconf 85' lang='lat' dir='ltr'>fioribus</span> <span class='ocrx_word' id='word_1_180' title='bbox 719 1372 900 1410; x_wconf 88' lang='lat' dir='ltr'>poeseos</span> <span class='ocrx_word' id='word_1_181' title='bbox 929 1363 1133 1404; x_wconf 88' lang='lat' dir='ltr'>inimicis.</span> 
     </span>
    </p>
   </div>
   <div class='ocr_carea' id='block_1_4' title="bbox 221 1495 2056 2843">
    <p class='ocr_par' dir='ltr' id='par_1_6' title="bbox 221 1495 2056 2843">
     <span class='ocr_line' id='line_1_20' title="bbox 356 1495 2056 1553; baseline 0.005 -19"><span class='ocrx_word' id='word_1_182' title='bbox 356 1495 602 1536; x_wconf 89' lang='lat' dir='ltr'>Tractanda</span> <span class='ocrx_word' id='word_1_183' title='bbox 629 1502 830 1548; x_wconf 87' lang='lat' dir='ltr'>superest</span> <span class='ocrx_word' id='word_1_184' title='bbox 856 1502 1056 1548; x_wconf 90' lang='lat' dir='ltr'>quaestio</span> <span class='ocrx_word' id='word_1_185' title='bbox 1082 1513 1192 1550; x_wconf 92' lang='lat' dir='ltr'>quae</span> <span class='ocrx_word' id='word_1_186' title='bbox 1219 1513 1244 1542; x_wconf 89' lang='lat' dir='ltr'>a</span> <span class='ocrx_word' id='word_1_187' title='bbox 1262 1505 1368 1543; x_wconf 91' lang='lat' dir='ltr'>viris</span> <span class='ocrx_word' id='word_1_188' title='bbox 1385 1504 1615 1553; x_wconf 87' lang='lat' dir='ltr'>sagacibus</span> <span class='ocrx_word' id='word_1_189' title='bbox 1634 1505 1754 1541; x_wconf 90' lang='lat' dir='ltr'>mota</span> <span class='ocrx_word' id='word_1_190' title='bbox 1775 1503 2056 1542; x_wconf 85' lang='lat' dir='ltr'>mirationem</span> 
     </span>
     <span class='ocr_line' id='line_1_21' title="bbox 238 1563 2055 1620; baseline 0.004 -20"><span class='ocrx_word' id='word_1_191' title='bbox 238 1563 354 1610; x_wconf 83' lang='lat' dir='ltr'>facit,</span> <span class='ocrx_word' id='word_1_192' title='bbox 398 1565 540 1613; x_wconf 89' lang='lat' dir='ltr'>magis</span> <span class='ocrx_word' id='word_1_193' title='bbox 581 1569 730 1605; x_wconf 88' lang='lat' dir='ltr'>autem</span> <span class='ocrx_word' id='word_1_194' title='bbox 773 1568 877 1607; x_wconf 84' lang='lat' dir='ltr'>facit</span> <span class='ocrx_word' id='word_1_195' title='bbox 908 1569 1069 1608; x_wconf 89' lang='lat' dir='ltr'>solutio</span> <span class='ocrx_word' id='word_1_196' title='bbox 1101 1581 1233 1618; x_wconf 90' lang='lat' dir='ltr'>quam</span> <span class='ocrx_word' id='word_1_197' title='bbox 1267 1572 1330 1610; x_wconf 91' lang='lat' dir='ltr'>illi</span> <span class='ocrx_word' id='word_1_198' title='bbox 1361 1574 1691 1620; x_wconf 88' lang='lat' dir='ltr'>proposuerunt,</span> <span class='ocrx_word' id='word_1_199' title='bbox 1725 1572 1919 1609; x_wconf 81' lang='lat' dir='ltr'>maxime</span> <span class='ocrx_word' id='word_1_200' title='bbox 1952 1580 2055 1609; x_wconf 92' lang='lat' dir='ltr'>vero</span> 
     </span>
     <span class='ocr_line' id='line_1_22' title="bbox 238 1631 2056 1688; baseline 0.005 -21"><span class='ocrx_word' id='word_1_201' title='bbox 238 1639 288 1668; x_wconf 89' lang='lat' dir='ltr'>ea</span> <span class='ocrx_word' id='word_1_202' title='bbox 319 1631 477 1670; x_wconf 91' lang='lat' dir='ltr'>solutio</span> <span class='ocrx_word' id='word_1_203' title='bbox 510 1634 663 1673; x_wconf 88' lang='lat' dir='ltr'>multis</span> <span class='ocrx_word' id='word_1_204' title='bbox 695 1638 887 1684; x_wconf 91' lang='lat' dir='ltr'>accepta.</span> <span class='ocrx_word' id='word_1_205' title='bbox 920 1637 1077 1676; x_wconf 85' lang='lat' dir='ltr'>Docuit</span> <span class='ocrx_word' id='word_1_206' title='bbox 1106 1639 1344 1678; x_wconf 86' lang='lat' dir='ltr'>Hoffmann</span> <span class='ocrx_word' id='word_1_207' title='bbox 1370 1650 1455 1679; x_wconf 89' lang='lat' dir='ltr'>non</span> <span class='ocrx_word' id='word_1_208' title='bbox 1484 1641 1569 1678; x_wconf 94' lang='lat' dir='ltr'>nisi</span> <span class='ocrx_word' id='word_1_209' title='bbox 1595 1640 1744 1688; x_wconf 86' lang='lat' dir='ltr'>paucis</span> <span class='ocrx_word' id='word_1_210' title='bbox 1771 1639 1878 1677; x_wconf 87' lang='lat' dir='ltr'>locis</span> <span class='ocrx_word' id='word_1_211' title='bbox 1905 1640 2056 1677; x_wconf 78' lang='lat' dir='ltr'>textus</span> 
     </span>
     <span class='ocr_line' id='line_1_23' title="bbox 236 1698 2052 1758; baseline 0.005 -23"><span class='ocrx_word' id='word_1_212' title='bbox 236 1698 387 1736; x_wconf 85' lang='lat' dir='ltr'>traditi</span> <span class='ocrx_word' id='word_1_213' title='bbox 429 1700 575 1739; x_wconf 87' lang='lat' dir='ltr'>thesin</span> <span class='ocrx_word' id='word_1_214' title='bbox 614 1702 836 1751; x_wconf 79' lang='lat' dir='ltr'>expletam</span> <span class='ocrx_word' id='word_1_215' title='bbox 879 1715 976 1745; x_wconf 91' lang='lat' dir='ltr'>esse</span> <span class='ocrx_word' id='word_1_216' title='bbox 1008 1707 1177 1754; x_wconf 83' lang='lat' dir='ltr'>syllaba</span> <span class='ocrx_word' id='word_1_217' title='bbox 1209 1708 1329 1747; x_wconf 88' lang='lat' dir='ltr'>brevi</span> <span class='ocrx_word' id='word_1_218' title='bbox 1362 1712 1464 1746; x_wconf 90' lang='lat' dir='ltr'>ante</span> <span class='ocrx_word' id='word_1_219' title='bbox 1499 1718 1648 1746; x_wconf 89' lang='lat' dir='ltr'>vocem</span> <span class='ocrx_word' id='word_1_220' title='bbox 1691 1717 1716 1745; x_wconf 90' lang='lat' dir='ltr'>a</span> <span class='ocrx_word' id='word_1_221' title='bbox 1748 1717 1854 1745; x_wconf 91' lang='lat' dir='ltr'>sono</span> <span class='ocrx_word' id='word_1_222' title='bbox 1885 1722 1914 1758; x_wconf 60' lang='grc' dir='ltr'>νε</span> <span class='ocrx_word' id='word_1_223' title='bbox 1947 1706 2052 1744; x_wconf 89' lang='lat' dir='ltr'>olim</span> 
     </span>
     <span class='ocr_line' id='line_1_24' title="bbox 234 1768 2051 1827; baseline 0.005 -25"><span class='ocrx_word' id='word_1_224' title='bbox 234 1774 439 1805; x_wconf 82' lang='lat' dir='ltr'>exorsam</span> <span class='ocrx_word' id='word_1_225' title='bbox 467 1768 678 1808; x_wconf 89' lang='lat' dir='ltr'>collocata</span> <span class='ocrx_word' id='word_1_226' title='bbox 691 1777 718 1808; x_wconf 77' lang='lat'>⁶.</span> <span class='ocrx_word' id='word_1_227' title='bbox 747 1770 880 1811; x_wconf 89' lang='lat' dir='ltr'>Utilis</span> <span class='ocrx_word' id='word_1_228' title='bbox 906 1774 1098 1821; x_wconf 84' lang='lat' dir='ltr'>profecto</span> <span class='ocrx_word' id='word_1_229' title='bbox 1125 1775 1372 1814; x_wconf 86' lang='lat' dir='ltr'>observatio</span> <span class='ocrx_word' id='word_1_230' title='bbox 1398 1777 1450 1814; x_wconf 91' lang='lat' dir='ltr'>ad</span> <span class='ocrx_word' id='word_1_231' title='bbox 1470 1776 1566 1814; x_wconf 89' lang='lat' dir='ltr'>soni</span> <span class='ocrx_word' id='word_1_232' title='bbox 1583 1791 1612 1827; x_wconf 62' lang='lat' dir='ltr'>f</span> <span class='ocrx_word' id='word_1_233' title='bbox 1630 1776 1721 1813; x_wconf 84' lang='lat' dir='ltr'>fata</span> <span class='ocrx_word' id='word_1_234' title='bbox 1737 1774 2051 1822; x_wconf 86' lang='lat' dir='ltr'>cognoscenda.</span> 
     </span>
     <span class='ocr_line' id='line_1_25' title="bbox 236 1832 2053 1888; baseline 0.005 -19"><span class='ocrx_word' id='word_1_235' title='bbox 236 1832 317 1870; x_wconf 86' lang='lat' dir='ltr'>Sed</span> <span class='ocrx_word' id='word_1_236' title='bbox 362 1836 625 1874; x_wconf 89' lang='lat' dir='ltr'>recentiores</span> <span class='ocrx_word' id='word_1_237' title='bbox 667 1837 877 1887; x_wconf 89' lang='lat' dir='ltr'>philologi</span> <span class='ocrx_word' id='word_1_238' title='bbox 921 1843 1136 1888; x_wconf 90' lang='lat' dir='ltr'>quomodo</span> <span class='ocrx_word' id='word_1_239' title='bbox 1178 1854 1229 1882; x_wconf 89' lang='lat' dir='ltr'>ea</span> <span class='ocrx_word' id='word_1_240' title='bbox 1271 1847 1374 1882; x_wconf 88' lang='lat' dir='ltr'>sunt</span> <span class='ocrx_word' id='word_1_241' title='bbox 1416 1845 1517 1882; x_wconf 89' lang='lat' dir='ltr'>usi?</span> <span class='ocrx_word' id='word_1_242' title='bbox 1549 1844 1597 1881; x_wconf 89' lang='lat' dir='ltr'>In</span> <span class='ocrx_word' id='word_1_243' title='bbox 1641 1843 1784 1881; x_wconf 89' lang='lat' dir='ltr'>multa</span> <span class='ocrx_word' id='word_1_244' title='bbox 1816 1841 2053 1880; x_wconf 86' lang='lat' dir='ltr'>enchiridia</span> 
     </span>
     <span class='ocr_line' id='line_1_26' title="bbox 233 1898 2050 1959; baseline 0.006 -23"><span class='ocrx_word' id='word_1_245' title='bbox 233 1898 321 1937; x_wconf 91' lang='lat' dir='ltr'>iam</span> <span class='ocrx_word' id='word_1_246' title='bbox 363 1904 539 1950; x_wconf 89' lang='lat' dir='ltr'>recepta</span> <span class='ocrx_word' id='word_1_247' title='bbox 582 1906 650 1942; x_wconf 90' lang='lat' dir='ltr'>est</span> <span class='ocrx_word' id='word_1_248' title='bbox 692 1905 799 1945; x_wconf 88' lang='lat' dir='ltr'>haec</span> <span class='ocrx_word' id='word_1_249' title='bbox 841 1907 932 1946; x_wconf 84' lang='lat' dir='ltr'>lex:</span> <span class='ocrx_word' id='word_1_250' title='bbox 982 1909 1051 1957; x_wconf 86' lang='lat' dir='ltr'>„in</span> <span class='ocrx_word' id='word_1_251' title='bbox 1085 1911 1353 1950; x_wconf 83' lang='lat' dir='ltr'>carminibus</span> <span class='ocrx_word' id='word_1_252' title='bbox 1385 1912 1517 1959; x_wconf 90' lang='lat' dir='ltr'>epicis</span> <span class='ocrx_word' id='word_1_253' title='bbox 1549 1912 1772 1959; x_wconf 87' lang='lat' dir='ltr'>digamma</span> <span class='ocrx_word' id='word_1_254' title='bbox 1805 1909 1964 1947; x_wconf 83' lang='lat' dir='ltr'>sufficit</span> <span class='ocrx_word' id='word_1_255' title='bbox 1997 1909 2050 1947; x_wconf 89' lang='lat' dir='ltr'>ad</span> 
     </span>
     <span class='ocr_line' id='line_1_27' title="bbox 235 1968 2050 2027; baseline 0.005 -22"><span class='ocrx_word' id='word_1_256' title='bbox 235 1968 499 2016; x_wconf 81' lang='lat' dir='ltr'>„explendos</span> <span class='ocrx_word' id='word_1_257' title='bbox 530 1971 669 2011; x_wconf 78' lang='lat' dir='ltr'>hiatus</span> <span class='ocrx_word' id='word_1_258' title='bbox 695 1976 739 2012; x_wconf 90' lang='lat' dir='ltr'>et</span> <span class='ocrx_word' id='word_1_259' title='bbox 768 1975 820 2012; x_wconf 91' lang='lat' dir='ltr'>ad</span> <span class='ocrx_word' id='word_1_260' title='bbox 848 1975 1044 2023; x_wconf 87' lang='lat' dir='ltr'>syllabas</span> <span class='ocrx_word' id='word_1_261' title='bbox 1071 1976 1225 2016; x_wconf 88' lang='lat' dir='ltr'>finales</span> <span class='ocrx_word' id='word_1_262' title='bbox 1251 1979 1295 2017; x_wconf 94' lang='lat' dir='ltr'>in</span> <span class='ocrx_word' id='word_1_263' title='bbox 1321 1979 1411 2018; x_wconf 74' lang='lat' dir='ltr'>arsi</span> <span class='ocrx_word' id='word_1_264' title='bbox 1436 1979 1747 2027; x_wconf 81' lang='lat' dir='ltr'>producendaS,</span> <span class='ocrx_word' id='word_1_265' title='bbox 1777 1988 1861 2016; x_wconf 88' lang='lat' dir='ltr'>non</span> <span class='ocrx_word' id='word_1_266' title='bbox 1890 1976 2050 2015; x_wconf 86' lang='lat' dir='ltr'>sufficit</span> 
     </span>
     <span class='ocr_line' id='line_1_28' title="bbox 235 2036 2050 2094; baseline 0.006 -22"><span class='ocrx_word' id='word_1_267' title='bbox 235 2036 313 2082; x_wconf 86' lang='lat' dir='ltr'>„ad</span> <span class='ocrx_word' id='word_1_268' title='bbox 347 2037 645 2084; x_wconf 88' lang='lat' dir='ltr'>producendas</span> <span class='ocrx_word' id='word_1_269' title='bbox 683 2041 877 2088; x_wconf 86' lang='lat' dir='ltr'>syllabas</span> <span class='ocrx_word' id='word_1_270' title='bbox 916 2042 1070 2083; x_wconf 85' lang='lat' dir='ltr'>finales</span> <span class='ocrx_word' id='word_1_271' title='bbox 1102 2046 1145 2083; x_wconf 89' lang='lat' dir='ltr'>in</span> <span class='ocrx_word' id='word_1_272' title='bbox 1177 2046 1277 2085; x_wconf 76' lang='lat' dir='ltr'>thesi</span> <span class='ocrx_word' id='word_1_273' title='bbox 1307 2043 1620 2086; x_wconf 79' lang='lat' dir='ltr'>collocatas”d.</span> <span class='ocrx_word' id='word_1_274' title='bbox 1653 2046 1723 2084; x_wconf 86' lang='lat' dir='ltr'>Sic</span> <span class='ocrx_word' id='word_1_275' title='bbox 1754 2045 2050 2094; x_wconf 78' lang='lat' dir='ltr'>paralogismo</span> 
     </span>
     <span class='ocr_line' id='line_1_29' title="bbox 231 2103 2046 2161; baseline 0.006 -22"><span class='ocrx_word' id='word_1_276' title='bbox 231 2103 344 2141; x_wconf 89' lang='lat' dir='ltr'>haud</span> <span class='ocrx_word' id='word_1_277' title='bbox 377 2106 597 2145; x_wconf 87' lang='lat' dir='ltr'>recondito</span> <span class='ocrx_word' id='word_1_278' title='bbox 631 2117 655 2145; x_wconf 91' lang='lat' dir='ltr'>a</span> <span class='ocrx_word' id='word_1_279' title='bbox 687 2110 830 2156; x_wconf 85' lang='lat' dir='ltr'>specie</span> <span class='ocrx_word' id='word_1_280' title='bbox 858 2120 1003 2149; x_wconf 90' lang='lat' dir='ltr'>rerum</span> <span class='ocrx_word' id='word_1_281' title='bbox 1042 2113 1094 2151; x_wconf 90' lang='lat' dir='ltr'>ad</span> <span class='ocrx_word' id='word_1_282' title='bbox 1127 2115 1246 2161; x_wconf 89' lang='lat' dir='ltr'>ipsas</span> <span class='ocrx_word' id='word_1_283' title='bbox 1279 2125 1348 2153; x_wconf 88' lang='lat' dir='ltr'>res</span> <span class='ocrx_word' id='word_1_284' title='bbox 1380 2115 1522 2154; x_wconf 86' lang='lat' dir='ltr'>factus</span> <span class='ocrx_word' id='word_1_285' title='bbox 1554 2117 1621 2153; x_wconf 88' lang='lat' dir='ltr'>est</span> <span class='ocrx_word' id='word_1_286' title='bbox 1652 2114 1876 2153; x_wconf 77' lang='lat' dir='ltr'>transitus,</span> <span class='ocrx_word' id='word_1_287' title='bbox 1910 2111 2046 2159; x_wconf 80' lang='lat' dir='ltr'>Expo—</span> 
     </span>
     <span class='ocr_line' id='line_1_30' title="bbox 229 2171 2045 2230; baseline 0.005 -23"><span class='ocrx_word' id='word_1_288' title='bbox 229 2171 365 2209; x_wconf 87' lang='lat' dir='ltr'>situm</span> <span class='ocrx_word' id='word_1_289' title='bbox 393 2175 486 2210; x_wconf 90' lang='lat' dir='ltr'>erat</span> <span class='ocrx_word' id='word_1_290' title='bbox 517 2173 617 2220; x_wconf 89' lang='lat' dir='ltr'>quid</span> <span class='ocrx_word' id='word_1_291' title='bbox 651 2179 770 2215; x_wconf 89' lang='lat' dir='ltr'>esset</span> <span class='ocrx_word' id='word_1_292' title='bbox 801 2177 845 2215; x_wconf 93' lang='lat' dir='ltr'>in</span> <span class='ocrx_word' id='word_1_293' title='bbox 878 2180 1004 2217; x_wconf 75' lang='lat' dir='ltr'>textu</span> <span class='ocrx_word' id='word_1_294' title='bbox 1030 2181 1213 2219; x_wconf 87' lang='lat' dir='ltr'>tradito:</span> <span class='ocrx_word' id='word_1_295' title='bbox 1249 2182 1504 2221; x_wconf 88' lang='lat' dir='ltr'>credebatur</span> <span class='ocrx_word' id='word_1_296' title='bbox 1536 2183 1786 2230; x_wconf 84' lang='lat' dir='ltr'>expositum</span> <span class='ocrx_word' id='word_1_297' title='bbox 1820 2190 1915 2218; x_wconf 83' lang='lat' dir='ltr'>esse</span> <span class='ocrx_word' id='word_1_298' title='bbox 1945 2179 2045 2226; x_wconf 90' lang='lat' dir='ltr'>quid</span> 
     </span>
     <span class='ocr_line' id='line_1_31' title="bbox 227 2242 2046 2297; baseline 0.005 -22"><span class='ocrx_word' id='word_1_299' title='bbox 227 2248 299 2276; x_wconf 87' lang='lat' dir='ltr'>ars</span> <span class='ocrx_word' id='word_1_300' title='bbox 340 2242 572 2292; x_wconf 89' lang='lat' dir='ltr'>poetarum</span> <span class='ocrx_word' id='word_1_301' title='bbox 615 2242 792 2283; x_wconf 87' lang='lat' dir='ltr'>tulisset</span> <span class='ocrx_word' id='word_1_302' title='bbox 832 2248 907 2284; x_wconf 87' lang='lat' dir='ltr'>aut</span> <span class='ocrx_word' id='word_1_303' title='bbox 949 2256 1034 2285; x_wconf 93' lang='lat' dir='ltr'>non</span> <span class='ocrx_word' id='word_1_304' title='bbox 1067 2248 1266 2297; x_wconf 89' lang='lat' dir='ltr'>tulisset;</span> <span class='ocrx_word' id='word_1_305' title='bbox 1300 2252 1425 2288; x_wconf 83' lang='lat' dir='ltr'>textu</span> <span class='ocrx_word' id='word_1_306' title='bbox 1459 2250 1532 2288; x_wconf 88' lang='lat' dir='ltr'>illo</span> <span class='ocrx_word' id='word_1_307' title='bbox 1565 2251 1626 2288; x_wconf 91' lang='lat' dir='ltr'>ita</span> <span class='ocrx_word' id='word_1_308' title='bbox 1657 2249 1724 2288; x_wconf 91' lang='lat' dir='ltr'>usi</span> <span class='ocrx_word' id='word_1_309' title='bbox 1756 2247 1895 2286; x_wconf 87' lang='lat' dir='ltr'>critici</span> <span class='ocrx_word' id='word_1_310' title='bbox 1929 2251 1975 2285; x_wconf 87' lang='lat' dir='ltr'>ut</span> <span class='ocrx_word' id='word_1_311' title='bbox 2007 2246 2046 2284; x_wconf 94' lang='lat' dir='ltr'>si</span> 
     </span>
     <span class='ocr_line' id='line_1_32' title="bbox 226 2305 2046 2366; baseline 0.005 -24"><span class='ocrx_word' id='word_1_312' title='bbox 226 2305 333 2343; x_wconf 89' lang='lat' dir='ltr'>nihil</span> <span class='ocrx_word' id='word_1_313' title='bbox 375 2307 540 2346; x_wconf 90' lang='lat' dir='ltr'>inesset</span> <span class='ocrx_word' id='word_1_314' title='bbox 580 2314 784 2358; x_wconf 90' lang='lat' dir='ltr'>possetve</span> <span class='ocrx_word' id='word_1_315' title='bbox 826 2314 972 2353; x_wconf 88' lang='lat' dir='ltr'>inesse</span> <span class='ocrx_word' id='word_1_316' title='bbox 1016 2317 1128 2362; x_wconf 85' lang='lat' dir='ltr'>quod</span> <span class='ocrx_word' id='word_1_317' title='bbox 1171 2326 1257 2355; x_wconf 92' lang='lat' dir='ltr'>non</span> <span class='ocrx_word' id='word_1_318' title='bbox 1294 2318 1401 2366; x_wconf 85' lang='lat' dir='ltr'>ipsis</span> <span class='ocrx_word' id='word_1_319' title='bbox 1432 2319 1572 2366; x_wconf 89' lang='lat' dir='ltr'>poetis</span> <span class='ocrx_word' id='word_1_320' title='bbox 1603 2317 1845 2363; x_wconf 82' lang='lat' dir='ltr'>deberetur,</span> <span class='ocrx_word' id='word_1_321' title='bbox 1878 2316 2046 2363; x_wconf 89' lang='lat' dir='ltr'>priscae</span> 
     </span>
     <span class='ocr_line' id='line_1_33' title="bbox 226 2373 2044 2432; baseline 0.006 -22"><span class='ocrx_word' id='word_1_322' title='bbox 226 2373 333 2411; x_wconf 89' lang='lat' dir='ltr'>artis</span> <span class='ocrx_word' id='word_1_323' title='bbox 375 2373 515 2422; x_wconf 89' lang='lat' dir='ltr'>legem</span> <span class='ocrx_word' id='word_1_324' title='bbox 559 2378 789 2417; x_wconf 89' lang='lat' dir='ltr'>metricam</span> <span class='ocrx_word' id='word_1_325' title='bbox 834 2382 981 2420; x_wconf 85' lang='lat' dir='ltr'>tenere</span> <span class='ocrx_word' id='word_1_326' title='bbox 1022 2393 1069 2421; x_wconf 91' lang='lat' dir='ltr'>se</span> <span class='ocrx_word' id='word_1_327' title='bbox 1111 2384 1323 2432; x_wconf 90' lang='lat' dir='ltr'>putabant</span> <span class='ocrx_word' id='word_1_328' title='bbox 1365 2385 1469 2423; x_wconf 90' lang='lat' dir='ltr'>dum</span> <span class='ocrx_word' id='word_1_329' title='bbox 1512 2385 1758 2424; x_wconf 88' lang='lat' dir='ltr'>lustrabant</span> <span class='ocrx_word' id='word_1_330' title='bbox 1799 2391 1957 2431; x_wconf 83' lang='lat' dir='ltr'>genera</span> <span class='ocrx_word' id='word_1_331' title='bbox 2000 2383 2044 2419; x_wconf 82' lang='lat' dir='ltr'>et</span> 
     </span>
     <span class='ocr_line' id='line_1_34' title="bbox 226 2443 2042 2494; baseline 0.009 -17"><span class='ocrx_word' id='word_1_332' title='bbox 226 2450 381 2479; x_wconf 88' lang='lat' dir='ltr'>causas</span> <span class='ocrx_word' id='word_1_333' title='bbox 414 2443 619 2483; x_wconf 86' lang='lat' dir='ltr'>vitiorum</span> <span class='ocrx_word' id='word_1_334' title='bbox 652 2448 881 2494; x_wconf 90' lang='lat' dir='ltr'>postmodo</span> <span class='ocrx_word' id='word_1_335' title='bbox 914 2449 957 2487; x_wconf 91' lang='lat' dir='ltr'>in</span> <span class='ocrx_word' id='word_1_336' title='bbox 990 2451 1187 2489; x_wconf 88' lang='lat' dir='ltr'>carmina</span> <span class='ocrx_word' id='word_1_337' title='bbox 1220 2455 1397 2491; x_wconf 90' lang='lat' dir='ltr'>vetusta</span> <span class='ocrx_word' id='word_1_338' title='bbox 1428 2453 1715 2492; x_wconf 88' lang='lat' dir='ltr'>invectorum.</span> <span class='ocrx_word' id='word_1_339' title='bbox 1750 2451 1860 2490; x_wconf 82' lang='lat' dir='ltr'>Vero</span> <span class='ocrx_word' id='word_1_340' title='bbox 1894 2453 2042 2488; x_wconf 73' lang='lat' dir='ltr'>autem</span> 
     </span>
     <span class='ocr_line' id='line_1_35' title="bbox 225 2509 2040 2572; baseline 0.007 -27"><span class='ocrx_word' id='word_1_341' title='bbox 225 2510 292 2546; x_wconf 91' lang='lat' dir='ltr'>est</span> <span class='ocrx_word' id='word_1_342' title='bbox 339 2509 682 2551; x_wconf 89' lang='lat' dir='ltr'>dissimillimum</span> <span class='ocrx_word' id='word_1_343' title='bbox 727 2515 837 2561; x_wconf 90' lang='lat' dir='ltr'>quod</span> <span class='ocrx_word' id='word_1_344' title='bbox 882 2516 945 2554; x_wconf 89' lang='lat' dir='ltr'>illi</span> <span class='ocrx_word' id='word_1_345' title='bbox 988 2520 1254 2567; x_wconf 87' lang='lat' dir='ltr'>statuerunt,</span> <span class='ocrx_word' id='word_1_346' title='bbox 1298 2530 1535 2559; x_wconf 90' lang='lat' dir='ltr'>consonam</span> <span class='ocrx_word' id='word_1_347' title='bbox 1577 2536 1606 2572; x_wconf 65' lang='lat' dir='ltr'><em>f</em></span> <span class='ocrx_word' id='word_1_348' title='bbox 1644 2523 1753 2568; x_wconf 87' lang='lat' dir='ltr'>tum,</span> <span class='ocrx_word' id='word_1_349' title='bbox 1799 2529 1897 2557; x_wconf 89' lang='lat' dir='ltr'>cum</span> <span class='ocrx_word' id='word_1_350' title='bbox 1931 2518 2040 2556; x_wconf 83' lang='lat' dir='ltr'>satis</span> 
     </span>
     <span class='ocr_line' id='line_1_36' title="bbox 224 2575 2041 2635; baseline 0.005 -22"><span class='ocrx_word' id='word_1_351' title='bbox 224 2575 389 2615; x_wconf 89' lang='lat' dir='ltr'>valeret</span> <span class='ocrx_word' id='word_1_352' title='bbox 429 2578 482 2616; x_wconf 90' lang='lat' dir='ltr'>ad</span> <span class='ocrx_word' id='word_1_353' title='bbox 522 2580 718 2619; x_wconf 89' lang='lat' dir='ltr'>vocalem</span> <span class='ocrx_word' id='word_1_354' title='bbox 762 2582 939 2622; x_wconf 88' lang='lat' dir='ltr'>brevem</span> <span class='ocrx_word' id='word_1_355' title='bbox 976 2585 1019 2622; x_wconf 91' lang='lat' dir='ltr'>in</span> <span class='ocrx_word' id='word_1_356' title='bbox 1054 2587 1247 2634; x_wconf 84' lang='lat' dir='ltr'>qualibet</span> <span class='ocrx_word' id='word_1_357' title='bbox 1278 2589 1367 2627; x_wconf 77' lang='lat' dir='ltr'>arsi</span> <span class='ocrx_word' id='word_1_358' title='bbox 1397 2589 1746 2635; x_wconf 88' lang='lat' dir='ltr'>sustentandam,</span> <span class='ocrx_word' id='word_1_359' title='bbox 1783 2597 1891 2635; x_wconf 87' lang='lat' dir='ltr'>quae</span> <span class='ocrx_word' id='word_1_360' title='bbox 1923 2586 2041 2624; x_wconf 77' lang='lat' dir='ltr'>semi-</span> 
     </span>
     <span class='ocr_line' id='line_1_37' title="bbox 222 2645 2041 2704; baseline 0.005 -23"><span class='ocrx_word' id='word_1_361' title='bbox 222 2645 427 2684; x_wconf 77' lang='lat' dir='ltr'>vocalibus</span> <span class='ocrx_word' id='word_1_362' title='bbox 458 2647 564 2685; x_wconf 91' lang='lat' dir='ltr'>solis</span> <span class='ocrx_word' id='word_1_363' title='bbox 597 2648 639 2686; x_wconf 92' lang='lat' dir='ltr'>in</span> <span class='ocrx_word' id='word_1_364' title='bbox 673 2651 766 2688; x_wconf 88' lang='lat' dir='ltr'>arte</span> <span class='ocrx_word' id='word_1_365' title='bbox 801 2652 921 2698; x_wconf 85' lang='lat' dir='ltr'>epica</span> <span class='ocrx_word' id='word_1_366' title='bbox 954 2653 1036 2691; x_wconf 82' lang='lat' dir='ltr'>fuit</span> <span class='ocrx_word' id='word_1_367' title='bbox 1069 2655 1136 2693; x_wconf 90' lang='lat' dir='ltr'>vis</span> <span class='ocrx_word' id='word_1_368' title='bbox 1149 2663 1178 2704; x_wconf 71' lang='lat' dir='ltr'>e,</span> <span class='ocrx_word' id='word_1_369' title='bbox 1205 2656 1249 2694; x_wconf 90' lang='lat' dir='ltr'>in</span> <span class='ocrx_word' id='word_1_370' title='bbox 1276 2656 1374 2695; x_wconf 72' lang='lat' dir='ltr'>thesi</span> <span class='ocrx_word' id='word_1_371' title='bbox 1400 2667 1453 2695; x_wconf 89' lang='lat' dir='ltr'>ne</span> <span class='ocrx_word' id='word_1_372' title='bbox 1481 2656 1620 2695; x_wconf 89' lang='lat' dir='ltr'>altera</span> <span class='ocrx_word' id='word_1_373' title='bbox 1647 2656 1821 2704; x_wconf 86' lang='lat' dir='ltr'>quidem</span> <span class='ocrx_word' id='word_1_374' title='bbox 1850 2663 2041 2692; x_wconf 87' lang='lat' dir='ltr'>consona</span> 
     </span>
     <span class='ocr_line' id='line_1_38' title="bbox 221 2712 2036 2770; baseline 0.005 -21"><span class='ocrx_word' id='word_1_375' title='bbox 221 2712 454 2751; x_wconf 83' lang='lat' dir='ltr'>adiuvante</span> <span class='ocrx_word' id='word_1_376' title='bbox 497 2714 713 2762; x_wconf 88' lang='lat' dir='ltr'>syllabam</span> <span class='ocrx_word' id='word_1_377' title='bbox 756 2719 991 2765; x_wconf 89' lang='lat' dir='ltr'>producere</span> <span class='ocrx_word' id='word_1_378' title='bbox 1032 2723 1242 2770; x_wconf 88' lang='lat' dir='ltr'>potuisse.</span> <span class='ocrx_word' id='word_1_379' title='bbox 1285 2723 1337 2762; x_wconf 91' lang='lat' dir='ltr'>Et</span> <span class='ocrx_word' id='word_1_380' title='bbox 1379 2724 1578 2763; x_wconf 88' lang='lat' dir='ltr'>nonnulli</span> <span class='ocrx_word' id='word_1_381' title='bbox 1610 2726 1725 2762; x_wconf 86' lang='lat' dir='ltr'>certe</span> <span class='ocrx_word' id='word_1_382' title='bbox 1758 2732 1910 2761; x_wconf 84' lang='lat' dir='ltr'>versus</span> <span class='ocrx_word' id='word_1_383' title='bbox 1941 2731 2036 2759; x_wconf 88' lang='lat' dir='ltr'>con·</span> 
     </span>
     <span class='ocr_line' id='line_1_39' title="bbox 221 2780 2038 2843; baseline 0.01 -27"><span class='ocrx_word' id='word_1_384' title='bbox 221 2780 402 2818; x_wconf 84' lang='lat' dir='ltr'>trarium</span> <span class='ocrx_word' id='word_1_385' title='bbox 449 2781 626 2821; x_wconf 79' lang='lat' dir='ltr'>docent:</span> <span class='ocrx_word' id='word_1_386' title='bbox 676 2783 790 2830; x_wconf 81' lang='grc' dir='ltr'><strong><em>τόξον</em></strong></span> <span class='ocrx_word' id='word_1_387' title='bbox 836 2786 1038 2837; x_wconf 55' lang='lat' dir='ltr'>(paidos,</span> <span class='ocrx_word' id='word_1_388' title='bbox 1084 2793 1258 2842; x_wconf 66' lang='lat' dir='ltr'>(f)01.*vov</span> <span class='ocrx_word' id='word_1_389' title='bbox 1295 2795 1673 2843; x_wconf 63' lang='lat' dir='ltr'>(f)0tv0206s111156!l‚</span> <span class='ocrx_word' id='word_1_390' title='bbox 1719 2789 1844 2836; x_wconf 65' lang='grc' dir='ltr'><em>αὐτὰρ</em></span> <span class='ocrx_word' id='word_1_391' title='bbox 1885 2791 2038 2835; x_wconf 64' lang='grc' dir='ltr'>(Γμφι-</span> 
     </span>
    </p>
   </div>
   <div class='ocr_carea' id='block_1_5' title="bbox 217 2901 2035 3056">
    <p class='ocr_par' dir='ltr' id='par_1_7' title="bbox 217 2901 2035 3056">
     <span class='ocr_line' id='line_1_40' title="bbox 306 2901 2033 2952; baseline 0.009 -22"><span class='ocrx_word' id='word_1_392' title='bbox 306 2911 325 2930; x_wconf 90' lang='lat' dir='ltr'>a</span> <span class='ocrx_word' id='word_1_393' title='bbox 350 2901 484 2933; x_wconf 79' lang='lat' dir='ltr'>vChrist</span> <span class='ocrx_word' id='word_1_394' title='bbox 508 2905 641 2944; x_wconf 82' lang='lat' dir='ltr'>Proleg.</span> <span class='ocrx_word' id='word_1_395' title='bbox 667 2907 707 2937; x_wconf 88' lang='grc' dir='ltr'>ΙΙ.</span> <span class='ocrx_word' id='word_1_396' title='bbox 735 2909 797 2938; x_wconf 85' lang='grc'>165</span> <span class='ocrx_word' id='word_1_397' title='bbox 821 2918 872 2946; x_wconf 80' lang='lat' dir='ltr'>sq.</span> <span class='ocrx_word' id='word_1_398' title='bbox 1118 2912 1133 2942; x_wconf 85' lang='lat' dir='ltr'><em>b</em></span> <span class='ocrx_word' id='word_1_399' title='bbox 1157 2914 1217 2943; x_wconf 86' lang='lat' dir='ltr'>Ex.</span> <span class='ocrx_word' id='word_1_400' title='bbox 1242 2923 1312 2951; x_wconf 64' lang='lat' dir='ltr'>gn:</span> <span class='ocrx_word' id='word_1_401' title='bbox 1338 2915 1354 2944; x_wconf 83' lang='grc' dir='ltr'><strong><em>ὃ</em></strong></span> <span class='ocrx_word' id='word_1_402' title='bbox 1377 2925 1426 2944; x_wconf 80' lang='grc' dir='ltr'>τισ</span> <span class='ocrx_word' id='word_1_403' title='bbox 1451 2916 1577 2944; x_wconf 78' lang='grc' dir='ltr'><em>τοιαῦτά</em></span> <span class='ocrx_word' id='word_1_404' title='bbox 1602 2926 1634 2951; x_wconf 77' lang='grc' dir='ltr'>γε</span> <span class='ocrx_word' id='word_1_405' title='bbox 1658 2915 1745 2952; x_wconf 70' lang='grc' dir='ltr'><em>ῥέζοι,</em></span> <span class='ocrx_word' id='word_1_406' title='bbox 1768 2921 1845 2951; x_wconf 72' lang='lat' dir='ltr'>pag·</span> <span class='ocrx_word' id='word_1_407' title='bbox 1871 2912 1911 2942; x_wconf 84' lang='grc'>99</span> <span class='ocrx_word' id='word_1_408' title='bbox 1926 2911 1959 2940; x_wconf 86' lang='lat' dir='ltr'>h·</span> <span class='ocrx_word' id='word_1_409' title='bbox 1984 2911 2033 2940; x_wconf 70' lang='lat' dir='ltr'>Ne</span> 
     </span>
     <span class='ocr_line' id='line_1_41' title="bbox 217 2954 2035 3005; baseline 0.007 -23"><span class='ocrx_word' id='word_1_410' title='bbox 217 2954 350 2984; x_wconf 82' lang='lat' dir='ltr'>tantum</span> <span class='ocrx_word' id='word_1_411' title='bbox 387 2954 527 2992; x_wconf 87' lang='lat' dir='ltr'>quidem</span> <span class='ocrx_word' id='word_1_412' title='bbox 563 2959 712 2990; x_wconf 89' lang='lat' dir='ltr'>Homero</span> <span class='ocrx_word' id='word_1_413' title='bbox 748 2961 884 2992; x_wconf 73' lang='lat' dir='ltr'>valebat</span> <span class='ocrx_word' id='word_1_414' title='bbox 915 2964 946 3002; x_wconf 78' lang='grc' dir='ltr'>ῥ-</span> <span class='ocrx_word' id='word_1_415' title='bbox 983 2962 1114 2995; x_wconf 86' lang='lat' dir='ltr'>initiale</span> <span class='ocrx_word' id='word_1_416' title='bbox 1151 2970 1317 3003; x_wconf 79' lang='lat' dir='ltr'>quantum</span> <span class='ocrx_word' id='word_1_417' title='bbox 1352 2970 1472 3005; x_wconf 81' lang='lat' dir='ltr'>postea</span> <span class='ocrx_word' id='word_1_418' title='bbox 1510 2965 1791 3001; x_wconf 79' lang='lat' dir='ltr'>Atheniensibus,</span> <span class='ocrx_word' id='word_1_419' title='bbox 1823 2972 1901 3002; x_wconf 76' lang='lat' dir='ltr'>pag.</span> <span class='ocrx_word' id='word_1_420' title='bbox 1929 2964 1989 2993; x_wconf 87' lang='lat'>103</span> <span class='ocrx_word' id='word_1_421' title='bbox 2003 2961 2035 2992; x_wconf 88' lang='lat' dir='ltr'>d.</span> 
     </span>
     <span class='ocr_line' id='line_1_42' title="bbox 350 3009 2035 3056; baseline 0.01 -19"><span class='ocrx_word' id='word_1_422' title='bbox 350 3017 366 3037; x_wconf 83' lang='lat' dir='ltr'>c</span> <span class='ocrx_word' id='word_1_423' title='bbox 390 3009 528 3044; x_wconf 82' lang='lat' dir='ltr'>Quaest.</span> <span class='ocrx_word' id='word_1_424' title='bbox 553 3011 653 3042; x_wconf 86' lang='lat' dir='ltr'>Hom.</span> <span class='ocrx_word' id='word_1_425' title='bbox 678 3013 712 3042; x_wconf 91' lang='grc' dir='ltr'>ΙΙ</span> <span class='ocrx_word' id='word_1_426' title='bbox 737 3013 788 3044; x_wconf 89' lang='lat'>51.</span> <span class='ocrx_word' id='word_1_427' title='bbox 925 3014 948 3045; x_wconf 89' lang='lat' dir='ltr'>d</span> <span class='ocrx_word' id='word_1_428' title='bbox 968 3016 1048 3054; x_wconf 84' lang='lat' dir='ltr'>Pag.</span> <span class='ocrx_word' id='word_1_429' title='bbox 1075 3019 1137 3048; x_wconf 82' lang='lat'>138</span> <span class='ocrx_word' id='word_1_430' title='bbox 1151 3028 1182 3053; x_wconf 87' lang='lat' dir='ltr'>a,</span> <span class='ocrx_word' id='word_1_431' title='bbox 1206 3019 1347 3049; x_wconf 83' lang='lat' dir='ltr'>vHartel</span> <span class='ocrx_word' id='word_1_432' title='bbox 1369 3020 1468 3049; x_wconf 87' lang='lat' dir='ltr'>Hom.</span> <span class='ocrx_word' id='word_1_433' title='bbox 1489 3019 1583 3049; x_wconf 86' lang='lat' dir='ltr'>Stud.</span> <span class='ocrx_word' id='word_1_434' title='bbox 1604 3018 1655 3048; x_wconf 91' lang='lat'>111</span> <span class='ocrx_word' id='word_1_435' title='bbox 1678 3019 1716 3048; x_wconf 84' lang='grc'>76</span> <span class='ocrx_word' id='word_1_436' title='bbox 1739 3027 1825 3056; x_wconf 65' lang='lat' dir='ltr'>sqq„</span> <span class='ocrx_word' id='word_1_437' title='bbox 1858 3012 2035 3053; x_wconf 72' lang='lat' dir='ltr'>G.M&lt;³501&#39;2</span> 
     </span>
    </p>
   </div>
   <div class='ocr_carea' id='block_1_6' title="bbox 218 3059 1646 3110">
    <p class='ocr_par' dir='ltr' id='par_1_8' title="bbox 218 3059 1646 3110">
     <span class='ocr_line' id='line_1_43' title="bbox 218 3059 1646 3110; baseline 0.008 -21"><span class='ocrx_word' id='word_1_438' title='bbox 218 3059 293 3096; x_wconf 82' lang='lat'><strong>236,</strong></span> <span class='ocrx_word' id='word_1_439' title='bbox 318 3060 575 3093; x_wconf 77' lang='lat' dir='ltr'>Kiihner-Blass</span> <span class='ocrx_word' id='word_1_440' title='bbox 599 3064 614 3094; x_wconf 92' lang='lat'>1</span> <span class='ocrx_word' id='word_1_441' title='bbox 641 3066 715 3102; x_wconf 82' lang='lat'>100,</span> <span class='ocrx_word' id='word_1_442' title='bbox 738 3065 780 3096; x_wconf 77' lang='lat' dir='ltr'>al.</span> <span class='ocrx_word' id='word_1_443' title='bbox 916 3076 932 3097; x_wconf 85' lang='lat' dir='ltr'>e</span> <span class='ocrx_word' id='word_1_444' title='bbox 957 3068 971 3104; x_wconf 72' lang='grc' dir='ltr'>ἓ</span> <span class='ocrx_word' id='word_1_445' title='bbox 999 3069 1051 3098; x_wconf 85' lang='grc'>26.</span> <span class='ocrx_word' id='word_1_446' title='bbox 1187 3070 1210 3107; x_wconf 79' lang='lat' dir='ltr'><em>f</em></span> <span class='ocrx_word' id='word_1_447' title='bbox 1228 3075 1251 3101; x_wconf 73' lang='grc' dir='ltr'><em>θ</em></span> <span class='ocrx_word' id='word_1_448' title='bbox 1278 3072 1353 3101; x_wconf 79' lang='lat'>215.</span> <span class='ocrx_word' id='word_1_449' title='bbox 1485 3081 1506 3110; x_wconf 78' lang='lat'><em>9</em></span> <span class='ocrx_word' id='word_1_450' title='bbox 1531 3083 1548 3108; x_wconf 92' lang='grc' dir='ltr'><strong><em>γ</em></strong></span> <span class='ocrx_word' id='word_1_451' title='bbox 1573 3072 1646 3101; x_wconf 75' lang='lat'>472.</span> 
     </span>
    </p>
   </div>
  </div>
 </body>
</html>
