2234 3443
286 196 369 236 312
760 205 815 234 Dr:
846 203 1069 232 s'rmpmns
1100 203 1146 231 m
1178 201 1203 241 ῐ,
1234 200 1272 237 v,
1301 201 1632 231 DIPHTHONGUM.
1798 194 1836 239 [ἓ
1873 193 1968 241 164,
2005 193 2087 232 165

284 320 388 368 perf.
415 315 633 369 εἰρΰμεσθα
645 326 678 367 a,
692 316 868 367 εἰρύαται
881 314 911 365 ὂ,
926 314 1111 366 εἰρῦσθαι
1124 323 1153 365 ⁶,
1170 314 1302 365 εἴρῦσο
1315 312 1348 363 d,
1363 314 1517 364 εἴρῦντο
1529 322 1558 362 θ,
1574 315 1651 354 fut.
1670 317 1809 354 exact.
1827 310 2045 364 εῑρΰσονται
2057 314 2087 356 f.

283 387 466 426 Perfecti
496 386 628 435 stirps
659 385 743 435 εἰρῦ
769 394 823 423 ex
840 381 933 433 ἐσρῡ
951 384 1019 422 est
1036 384 1152 422 nata.
1175 404 1226 411 —
1246 381 1487 421 cohaerent
1513 381 1635 432 ρῡτήρ
1653 385 1800 431 custos,
1818 381 2091 433 ρῦσίπιολισθ,

283 456 324 492 et
358 463 466 502 quae
497 463 604 492 sono
629 456 653 491 ὕ
680 452 783 490 sunt
805 450 1018 498 insignia:
1052 448 1176 499 ἔρυμα
1200 449 1514 487 munimentum
1527 449 1559 497 h,
1590 444 1801 499 Ἐρύλᾶοσ,
1831 445 2087 498 Ἐρύμᾱσθ).

399 521 449 559 In
490 521 615 559 textu
655 518 815 558 tradito
862 516 1046 556 verbum
1085 517 1166 556 hoc
1196 516 1391 555 servandi
1421 518 1594 564 saepius
1631 517 1699 555 est
1730 516 1959 555 confusum
1989 527 2088 556 cum

279 587 470 626 trahendi
509 587 638 625 verbo
680 585 829 638 fecem,
869 584 937 623 cui
977 594 1115 631 neque
1156 585 1389 631 cognatum
1431 583 1526 631 fuit,
1560 593 1698 630 neque
1730 582 1964 622 admodum
1997 585 2091 622 erat

281 655 424 694 simile
454 657 548 693 tum
583 664 682 693 cum
716 662 849 691 sonus
879 667 909 703 f
940 651 1238 700 proferebatur
1268 653 1314 689 et
1345 660 1552 689 sonorum
1584 659 1608 688 ῡ
1640 652 1770 697 atque
1800 652 1824 687 ὕ
1857 649 2089 689 discrimen

279 721 593 771 percipiebatur
623 720 814 760 auribus.
847 719 940 757 Duo
972 718 1079 757 haec
1109 718 1246 757 fuisse
1279 717 1422 766 verba,
1456 728 1541 756 non
1581 727 1732 765 unum,
1772 717 2091 756 demonstravit

280 784 469 837 Heynei,
503 789 571 827 cui
604 787 856 827 oblocutum
874 786 1193 824 Buttmannum
1221 787 1397 824 strenue
1415 784 1624 824 refutavit
1647 785 1820 823 Ahrens
1832 781 1866 823 j.
1885 785 2090 824 Proxime

277 866 382 895 sane
415 866 440 894 a
468 855 663 895 eervandi
687 854 862 893 notione
889 853 1023 891 distat
1049 853 1244 891 medium
1271 852 1391 891 verbi
1416 853 1581 904 fsffl'sew
1606 862 1744 901 genus
1761 851 1854 891 sive
1870 852 2090 902 attrahere,

278 924 349 961 ubi
392 923 510 962 valet
544 923 586 961 id
626 921 737 970 quod
764 920 950 969 periculo
979 919 1217 968 subducere,
1252 929 1320 959 ex,
1354 929 1417 968 gr.
1449 919 1493 958 in
1525 920 1606 958 hoc
1639 929 1790 958 versu:
1823 917 1890 956 καὶ
1920 917 1988 957 τὸν
2019 916 2091 968 μὲν

277 989 371 1039 μετὰ
421 987 527 1040 χερσὶ
565 985 807 1042 ’μερύσσατο
854 987 1007 1038 Φοῖβοσ
1048 986 1243 1025 Ἀπόλλων
1271 985 1277 1037 Ι
1305 985 1475 1025 κυανέκι
1516 985 1679 1036 νεφέλια
1693 984 1725 1037 7⁶,
1755 986 1825 1026 vel
1855 987 1900 1025 in
1930 987 2033 1026 hoc:
2064 984 2089 1036 ’ἥ

276 1056 345 1095 κέν
370 1071 419 1110 fs
444 1057 659 1110 fspfiaceou
685 1054 710 1106 ἥ
732 1069 800 1094 κεν
821 1052 996 1104 ἐάσηισῐ.
1024 1054 1254 1093 Praeterea
1272 1054 1440 1093 formae
1457 1053 1692 1093 nonnullae
1710 1063 1734 1092 a
1750 1054 1884 1102 stirpe
1909 1056 2091 1106 ρ(ε)ρῠ(σ)

277 1125 431 1163 ductae
466 1125 541 1163 sed
578 1122 708 1163 verbo
736 1117 884 1174 ῥΰομαι
916 1121 1168 1160 simillimae
1196 1122 1240 1160 in
1268 1130 1456 1160 errorem
1483 1121 1793 1170 pertrahebant
1815 1121 2087 1169 interpretes.

276 1192 349 1230 Ex.
382 1203 442 1240 gr.
476 1191 652 1240 εἰρύαται
683 1191 726 1229 in
769 1191 850 1229 hoc
883 1199 1035 1228 versu:
1070 1188 1115 1227 οῖ’
1139 1202 1176 1227 τε
1207 1186 1406 1237 θέμιστασ
1433 1187 1439 1239 Ι
1468 1187 1570 1239 πρὸσ
1601 1187 1701 1227 Διὸσ
1731 1188 1909 1238 εἰρύαται
1940 1188 2012 1236 qui
2042 1198 2092 1227 ex

274 1260 381 1299 Iovis
419 1260 660 1298 auctoritate
700 1259 798 1296 iura
823 1259 1030 1296 tuenturm
1072 1256 1193 1295 verbi
1235 1250 1381 1307 ρΰομαι
1423 1258 1490 1295 est
1530 1256 1785 1304 perfectum,
1819 1266 1873 1295 ex
1905 1249 2092 1305 ἐσρῢαται

275 1330 429 1365 natum
468 1327 511 1365 et
552 1326 749 1374 correpta
789 1324 930 1363 vocali
970 1333 994 1361 ῦ
1025 1324 1069 1362 in
1101 1324 1217 1363 thesi
1249 1326 1350 1362 ante
1381 1323 1602 1370 vocalem;
1638 1323 1680 1361 in
1713 1323 1794 1362 hoc
1827 1333 1955 1362 vero:
1987 1321 2089 1360 ἔνθα

274 1408 312 1432 τε
342 1399 437 1432 vasa
480 1392 484 1444 1
528 1389 667 1442 εἰρύατ’
704 1389 925 1441 εὔπρυμνοι
955 1391 1028 1430 ubi
1053 1391 1177 1429 celsae
1203 1401 1327 1430 naves
1352 1392 1462 1430 stant
1483 1390 1736 1430 subductaen
1764 1391 1831 1428 est
1848 1390 2087 1439 perfectum

276 1461 393 1500 verbi
431 1458 579 1513 μερΰω,
620 1470 641 1498 e
671 1457 890 1511 μερρΰαται
925 1460 1079 1497 natum
1112 1461 1154 1497 et
1186 1458 1229 1496 in
1261 1458 1396 1506 epicis
1428 1457 1695 1496 carminibus
1727 1457 1789 1495 sic
1821 1457 1965 1505 potius
1997 1466 2088 1504 pro-

274 1528 514 1566 ferendum.
542 1526 876 1566 Substantivum
908 1524 1031 1576 ῥῦτήρ
1063 1527 1209 1564 autem
1239 1535 1263 1563 a
1287 1524 1416 1563 verbo
1443 1518 1586 1575 ῥύομαι
1613 1524 1790 1562 ductum
1820 1522 2090 1572 significabat

273 1595 519 1644 custodemo,
563 1595 878 1642 homonymum
920 1602 1023 1632 vero
1066 1602 1091 1631 a
1132 1592 1261 1631 verbo
1301 1592 1436 1644 f⁸9²3w
1480 1591 1657 1630 ductum
1690 1601 1784 1629 eum
1817 1591 1889 1638 qui
1917 1591 2087 1639 trahitP,

275 1663 374 1701 hinc
413 1663 710 1711 sayittariumq
751 1663 794 1699 et
832 1659 1081 1699 habenamr.
1122 1659 1238 1708 Quae
1281 1659 1505 1707 utriusque
1537 1668 1671 1697 sonus
1701 1658 1883 1697 initialis
1915 1658 2091 1697 silentio

273 1739 449 1778 pressus
505 1728 667 1767 similia
721 1727 907 1766 reddidit
919 1739 928 1775 ;
977 1737 1081 1765 nam
1129 1736 1237 1765 aevo
1285 1726 1611 1765 antenomerico
1656 1725 1804 1775 σρῡτήρ
1851 1725 1896 1762 et
1935 1721 2088 1775 fpemfip

273 1795 511 1848 (fpvotvjff)
544 1796 678 1835 etiam
712 1805 815 1834 voce
847 1793 1242 1843 distinguebantur.

388 1970 414 2022 5
446 1969 546 2012 165.
581 1967 656 2022 (τῐ)
687 1968 783 2008 τίανς
812 1970 979 2022 honoro,
1011 1966 1117 2017 τίσω,
1143 1968 1261 2017 ἒτῑσα,
1292 1968 1531 2017 τετῑμένοσί.
1560 1968 1736 2017 Syllaba
1762 1983 1815 2004 τι-
1844 1965 2088 2015 praesentis

272 2041 315 2077 et
356 2039 598 2087 imperfecti
633 2048 763 2087 saepe
795 2038 837 2076 in
871 2038 959 2076 arsi
993 2038 1061 2076 est
1094 2036 1305 2075 collocata
1335 2046 1472 2084 neque
1505 2046 1604 2074 raro
1637 2036 1680 2074 in
1713 2031 1842 2083 thesi,
1875 2033 1947 2072 ubi
1978 2032 2085 2072 sole-

271 2106 344 2144 bat
390 2106 592 2155 corripiu.
642 2128 693 2133 —
743 2104 1075 2144 Substantivum
1124 2104 1298 2142 verbale
1355 2104 1446 2152 τῑμή
1499 2103 1649 2151 genuit
1694 2112 1857 2141 novum
1905 2100 2086 2139 verbum

270 2172 391 2222 τῑμάω
406 2180 436 2222 v,
484 2173 605 2211 cuius
652 2172 894 2222 praesentis
941 2174 983 2210 et
1023 2171 1269 2220 imperfecti
1308 2171 1352 2208 in
1393 2170 1526 2219 epicis
1569 2169 1836 2209 carminibus
1876 2178 1961 2207 non
2003 2168 2088 2206 nisi

271 2242 519 2279 contractae
565 2240 731 2279 formae
771 2240 1078 2278 inveniuntur:
1116 2244 1268 2288 τῑμῶσι,
1297 2243 1418 2288 τῑμᾶι,
1450 2234 1572 2287 ἐτΐμᾶ,
1603 2242 1740 2287 τῑμῶν,
1769 2241 1947 2286 τῑμῶσαι,
1977 2244 2086 2283 quae

355 2420 374 2439 a
399 2413 433 2440 Φ
458 2412 533 2447 588,
553 2411 650 2440 codd.
675 2411 925 2451 εἰρυ(σ)όμεσθα.
1132 2409 1148 2440 b
1169 2413 1201 2440 A
1228 2411 1291 2440 239
1317 2419 1340 2439 π
1363 2409 1427 2439 463
1452 2410 1485 2439 h.
1510 2407 1584 2438 Cer.
1610 2409 1690 2444 152;
1713 2408 1756 2438 de
1779 2416 1863 2437 sono
1888 2419 1905 2437 υ
1927 2409 2086 2445 correpto

268 2463 286 2500 ξ
313 2463 363 2492 17.
543 2473 558 2493 c
581 2476 598 2501 γ
620 2464 682 2493 268
707 2472 734 2500 ψ
756 2465 831 2501 151,
855 2464 953 2494 codd.
977 2465 1134 2504 εἴρυσθαι.
1290 2461 1313 2492 d
1333 2465 1368 2491 Φ
1393 2463 1469 2498 230,
1494 2461 1592 2491 codd.
1616 2462 1752 2500 εἰρύσαο.
1897 2468 1914 2489 e
1937 2462 1979 2489 M
2004 2461 2083 2493 454;

268 2516 516 2554 expectabatur
538 2527 617 2550 -ατο,
643 2524 720 2554 pag.
747 2517 809 2546 23¹7
823 2526 851 2546 0.
1053 2515 1076 2553 f
1094 2519 1121 2545 Σ
1141 2516 1217 2546 276.
1408 2524 1430 2554 q
1457 2518 1484 2544 Z
1507 2514 1583 2549 305,
1608 2514 1672 2543 La.
1698 2515 1883 2554 ἐρυσίπτολι.
1908 2512 2084 2542 Meliorem

266 2566 451 2598 lectionem
483 2571 622 2597 secutus
653 2569 899 2605 grammaticus
931 2568 1071 2606 quidam
1103 2567 1268 2598 Hadriani
1296 2568 1407 2597 aetate
1437 2567 1651 2605 epigramma
1674 2566 1724 2595 sic
1748 2567 1801 2595 est
1824 2573 1982 2594 exorsus:
2008 2575 2084 2593 παν-

267 2624 354 2657 tolno
377 2623 489 2660 ἀρετῆσ
513 2623 673 2658 στάθμην,
698 2622 877 2659 ῥυσίπτολιν
899 2621 1007 2662 ἄνδρα,
1031 2621 1152 2650 Kaibel
1178 2622 1242 2650 888
1256 2629 1286 2650 8..
1453 2618 1473 2648 Ιι
1497 2623 1524 2648 Δ
1552 2620 1612 2649 137
1638 2619 1718 2649 ΗΘΒ.
1739 2618 1840 2656 Oper.
1866 2618 1928 2647 536
1953 2617 2087 2654 tragici.

267 2673 523 2711 Expectabatur
546 2674 639 2711 ῥῦμα,
661 2676 699 2702 ut
723 2674 828 2711 Soph.
853 2675 902 2703 Ai.
930 2676 991 2704 159
1016 2674 1096 2703 Eur.
1121 2674 1257 2703 Heraol.
1283 2674 1346 2703 260
1372 2673 1416 2701 al.
1683 2670 1695 2700 i
1719 2671 1758 2701 In
1782 2679 1930 2700 excursu
1954 2670 2018 2699 lV⁰
2041 2669 2083 2698 ad

266 2725 394 2756 librum
420 2727 465 2763 A,
488 2724 589 2755 Iliad.
613 2725 658 2754 IV
685 2726 870 2755 177—180.
1161 2725 1182 2765 j
1206 2726 1321 2756 Zschr.
1347 2726 1369 2755 f.
1393 2723 1706 2754 Alt.wissensehaft
1731 2725 1816 2753 1836
1841 2723 1891 2762 (=
1918 2723 1963 2752 kl.
1989 2722 2085 2752 Schr-

267 2778 282 2807 Ι
308 2779 370 2808 545
395 2776 497 2819 sqq.).
639 2777 659 2806 lc
686 2780 708 2806 Ε
730 2777 805 2807 344.
940 2778 953 2806 l
977 2783 1002 2807 Υ
1027 2780 1102 2814 311,
1129 2778 1227 2809 codd.
1249 2790 1301 2815 μιν
1323 2780 1365 2818 ἐρ.
1501 2786 1528 2805 m
1553 2778 1586 2805 A
1603 2777 1666 2805 238
1681 2785 1732 2813 sq.
1866 2785 1887 2805 n
1911 2775 2016 2804 A247
2031 2782 2081 2811 sq.

399 2840 416 2861 0
440 2842 456 2870 ρ
482 2831 557 2867 187,
581 2831 656 2860 223.
877 2841 899 2869 p
924 2828 1004 2868 Pag.
1031 2832 1094 2861 256
1108 2831 1135 2868 f.
1359 2840 1376 2870 q
1402 2841 1420 2859 σ
1446 2830 1509 2859 262
1534 2840 1556 2868 φ
1585 2829 1658 2858 173.
1910 2837 1927 2857 r
1952 2830 1985 2856 Π
2007 2827 2081 2856 475.

398 2893 413 2913 s
433 2883 473 2913 In
501 2881 787 2922 inscriptionibus
809 2883 931 2912 Atticis
961 2886 994 2912 et
1018 2884 1154 2913 Dor-icis
1179 2884 1379 2912 constanter
1401 2887 1481 2912 sunt
1505 2882 1641 2911 exarata
1666 2883 1765 2915 ulam,
1791 2881 1901 2914 ἵτεισα,
1927 2882 2081 2916 antuerp,

270 2938 471 2971 Τιισαμενόσ,
506 2935 561 2971 al„
586 2935 648 2965 sed
672 2938 707 2964 et
730 2932 917 2964 Homerum
942 2934 1022 2964 huic
1047 2933 1149 2973 stirpi
1174 2935 1429 2973 diphthongum
1455 2946 1478 2964 ει
1503 2931 1671 2963 tribuisse
1696 2930 1790 2972 (mm,
1815 2935 1910 2966 ulva»,
1935 2937 2084 2967 τεινυμαι,

267 2986 325 3026 al.)
349 2988 427 3017 inde
454 2996 520 3017 non
544 2988 705 3017 efficitur.
887 2988 899 3016 t
924 2992 952 3015 Υ
972 2987 1036 3016 426
1058 2988 1100 3017 al.
1287 2997 1307 3017 u
1331 2987 1402 3024 Pag
1428 2988 1490 3016 310
1505 2985 1539 3025 ij.
1728 2995 1745 3015 v
1769 2984 1867 3023 Apud
1892 2984 2079 3014 Homerum

266 3048 332 3069 non
364 3042 456 3069 extat
487 3040 717 3077 compositum
740 3041 890 3079 τῑυάοροσ
918 3037 1002 3079 (ΑΝ.
1026 3041 1174 3079 τῑμωρόσ,
1196 3042 1336 3079 τῑμωρί-ι,
1365 3039 1529 3079 ιῑμωρεῑν),
1554 3046 1622 3074 quo
1655 3038 1709 3066 usi
1733 3040 1813 3066 sunt
1837 3035 1934 3066 Pind.
1959 3035 2010 3065 Ol.
2034 3035 2080 3064 IX

268 3093 330 3121 124
363 3092 485 3121 Aesch.
512 3093 572 3129 Ag.
595 3092 657 3121 519
686 3090 748 3127 al.;
780 3090 1026 3121 conferendum
1050 3093 1103 3120 est
1124 3091 1329 3121 vocabulum
1357 3092 1492 3129 epicum
1521 3088 1614 3130 οὖροσ
1641 3088 1731 3128 (inu,
1755 3094 1866 3128 θυρα-,
1890 3086 2085 3128 ηυλαουρόη)

264 3143 282 3182 5
309 3144 370 3174 309
