2234 3443
135 164 158 210 ἓ
179 162 394 209 122,123]
458 174 512 202 nn
543 174 758 202 anxrorm
792 175 1024 204 VERBORUM
1056 175 1406 204 OBSERVATIONES
1438 175 1704 206 GENERALES.
1868 168 1952 205 245

251 286 364 334 Ergo
414 288 509 326 sine
565 288 758 327 audacia·
793 289 958 328 effrena
1005 311 1058 318 -—
1109 299 1211 328 nam
1259 289 1413 328 multis
1459 290 1658 328 versibus
1705 290 1954 337 ceteroquin

134 352 250 392 haud
291 355 512 402 suspectis
552 356 618 394 vis
662 356 774 395 foret
815 357 1043 396 inferenda
1073 379 1128 383 —
1162 357 1313 405 nequit
1354 357 1463 395 effici
1503 359 1553 395 ut
1584 358 1736 405 poetae
1769 356 1878 405 epici
1908 357 1953 395 in

133 419 477 460 conformatione
519 422 787 462 subiunctivi
819 433 993 472 semper
1024 426 1068 462 et
1100 424 1278 462 omnino
1311 423 1396 462 sibi
1427 424 1681 462 constitisse
1711 423 1955 471 videantur,

133 488 177 524 et
216 490 417 536 superest
457 491 506 527 ut
536 490 580 528 in
622 491 703 529 hac
735 501 904 539 quoque
937 492 1254 538 grammaticae
1286 493 1422 539 parte,
1456 493 1503 529 ut
1534 492 1577 529 in
1612 491 1724 539 aliis,
1758 491 1955 529 ferantur

132 554 376 594 recentiora
407 556 600 595 vetustis
642 557 853 596 admixta.
887 558 1030 607 Fines,
1063 559 1179 597 intra
1210 568 1318 606 quos
1350 558 1619 596 subiunctivi
1649 558 1827 597 termini
1857 569 1957 606 -ηισ,

132 635 208 669 -ηι,
246 632 353 671 -ωσι,
391 637 532 661 -ωνται
568 634 677 663 aevo
710 625 832 673 epico
863 627 1119 674 regnarunt,
1151 635 1228 674 pro
1255 627 1372 664 certo
1404 635 1490 663 non
1522 626 1610 663 iam
1643 626 1829 673 possunt
1860 633 1957 663 con·

133 688 274 737 stitui,
316 698 458 737 neque
499 690 606 729 olim
648 693 883 740 potuerunt
920 702 945 730 a
976 692 1388 740 transcriptoribus;
1422 701 1576 740 parum
1610 692 1727 730 enim
1761 691 1813 729 ad
1845 690 1959 728 hanc

129 764 223 793 rem
251 755 524 796 efficiendam
552 758 782 797 conferunt
798 769 1006 797 versuum
1033 760 1250 798 numeria.
1280 758 1398 808 Quod
1427 759 1499 807 qui
1517 780 1569 785 —
1590 759 1757 797 invitus
1774 767 1880 797 sane
1897 778 1953 783 —

129 823 339 872 concedit,
373 835 399 863 a
430 825 595 864 tradita
625 826 814 865 lectione
846 835 931 865 non
964 827 1051 865 nisi
1082 837 1180 865 raro
1213 828 1256 865 et
1287 829 1412 866 caute
1444 827 1651 866 discedet.

247 890 341 930 Hoc
371 894 521 931 tamen
553 894 722 932 certum
756 895 836 943 est,
865 893 1144 932 subiunctivo
1173 894 1325 932 aoristi
1351 894 1576 942 sigmatici
1600 893 1816 932 terminos
1840 902 1957 940 -σεισ,

128 968 222 1006 -σει,
266 969 416 1008 -σουσι,
458 971 615 997 -σονται
663 961 738 998 aut
786 960 955 999 cunctis
1001 960 1108 999 locis
1155 970 1254 1000 esse
1295 961 1564 1010 tribuendos,
1607 962 1681 1000 aut
1725 959 1868 1006 nullo;
1910 959 1954 997 in

129 1024 338 1064 hodierno
375 1026 508 1075 igitur
548 1029 689 1076 textu,
734 1028 948 1066 terminos
990 1039 1114 1078 -σηισ,
1149 1040 1250 1078 -σηι,
1279 1040 1410 1078 -σωσι,
1439 1040 1609 1067 -σωνται
1640 1028 1807 1077 passim
1840 1026 1956 1065 exhi·

129 1091 260 1141 benti,
303 1093 531 1133 toleranda
566 1105 651 1134 non
694 1105 791 1134 esse
823 1094 868 1133 οῖ’
892 1093 935 1133 κέ
965 1109 1012 1144 με
1042 1096 1254 1145 τιμήσουσι
1287 1106 1484 1145 quaeque
1517 1099 1622 1136 sunt
1654 1090 1953 1134 huiusmodib.

127 1158 265 1198 Nemo
298 1161 534 1200 contendet
564 1163 676 1202 satis
706 1163 821 1202 inter
853 1173 900 1202 se
933 1173 1169 1211 congruere
1197 1163 1305 1203 haec
1331 1164 1486 1203 verba:
1513 1163 1541 1201 ἷὶ
1565 1163 1626 1201 τίσ
1651 1159 1683 1201 κ’
1713 1161 1767 1200 ἔτι
1794 1160 1955 1213 ῥύσεται

127 1223 200 1276 ἠδὲ
231 1227 407 1266 σαώσειθ
439 1230 482 1267 et
514 1229 645 1269 haec:
680 1229 727 1267 αἴ
752 1244 795 1268 κε
826 1231 985 1281 τάχιστα
1018 1228 1138 1269 νέκυν
1172 1229 1234 1269 ἐπὶ
1266 1236 1346 1270 νῗια
1378 1228 1574 1281 σαώσηιᾶ.

893 1667 1099 1709 CAPUT
1129 1668 1180 1708 II.

504 1803 606 1854 DE
644 1803 1048 1856 NOMINIBUS
1085 1804 1574 1855 VERBALIBUS.

798 1955 837 1995 1.
868 1955 940 1995 De
967 1955 1231 1995 infinitivo
1247 1967 1279 1995 e.

243 2092 272 2144 ἓ
303 2091 395 2134 123.
436 2092 672 2142 Infinitivo,
714 2095 857 2142 prisco
900 2095 1049 2134 dativo
1085 2095 1278 2135 nominis
1308 2095 1508 2143 actionis,
1541 2093 1817 2132 indicabatur
1847 2087 1948 2141 finis

125 2169 206 2211 quo
252 2157 441 2199 tenditur
487 2171 662 2211 corpore
702 2161 770 2200 vel
813 2164 976 2211 mente,
1024 2164 1118 2201 sive
1164 2172 1214 2202 ea
1255 2172 1365 2210 quae
1406 2162 1628 2211 petuntur,
1677 2160 1945 2209 spectantur,

125 2229 354 2277 optantur;
387 2238 455 2268 ex.
487 2240 573 2277 gr.:

479 2302 567 2334 πῶσ
597 2297 658 2335 τίσ
688 2312 747 2336 τοι
778 2297 975 2349 πρόφρων
999 2299 1168 2351 ιρέπεσιν
1198 2297 1389 2348 πείθηται
1421 2301 1584 2348 Ἀχαιῶν

478 2361 504 2410 ἢ
537 2361 635 2403 ὁδὸν
666 2361 921 2418 ἐλθέμεναι
952 2362 995 2416 ἠ’
1031 2364 1203 2416 ἀνδράσι
1232 2368 1328 2417 μῖφι
1360 2361 1651 2418 μάχεσθαιῖ.

242 2428 361 2468 Varii
406 2431 573 2470 sensim
618 2432 824 2481 loquendi
865 2433 984 2472 modi
1030 2434 1093 2472 sic
1135 2443 1217 2472 usu
1256 2434 1484 2481 venerunt,
1527 2431 1643 2470 clare
1686 2430 1836 2468 autem
1877 2427 1947 2465 vis

124 2496 350 2544 primitiva
391 2501 570 2546 apparet
600 2500 645 2538 in
677 2500 746 2539 his
776 2500 1094 2540 locutionibus:
1124 2496 1220 2551 ’βῆν
1252 2496 1356 2549 (fia,
1380 2496 1491 2550 ’βὰν)
1524 2495 1559 2537 δ’
1596 2497 1774 2547 ἴμεναιθ,
1800 2492 1872 2546 ’βῆ
1904 2490 1947 2532 δὲ

124 2561 236 2600 θέειν
249 2560 282 2613 ἦ,
315 2560 387 2614 ’βΐί
429 2561 465 2603 δ’
511 2563 641 2604 §adm
656 2565 681 2619 i,
712 2563 917 2617 ’μάστιξεν
959 2564 996 2606 δ’
1041 2564 1215 2617 gaviam,
1251 2561 1350 2618 ὦρτο
1382 2565 1572 2605 πέτεσθαι
1587 2563 1619 2616 k,
1651 2560 1750 2616 ὦρτο
1783 2556 1941 2601 πόλινδ’

124 2627 255 2678 ἴμεναι
277 2627 298 2668 ².

211 2814 231 2833 a
257 2805 349 2839 „Wie
375 2805 454 2834 weit
483 2804 541 2835 bei
570 2805 700 2835 Homer
731 2806 792 2835 das
823 2807 893 2835 alte
925 2807 1046 2842 wicht,
1076 2806 1146 2836 und
1178 2815 1228 2836 wo
1253 2806 1314 2836 das
1340 2814 1429 2835 neue
1453 2804 1608 2841 asangm
1631 2809 1783 2839 vermag,
1806 2808 1856 2829 wo
1881 2806 1947 2829 une

125 2856 207 2891 „das
231 2857 381 2887 Metram
405 2858 451 2887 im
477 2858 593 2888 Stiche
616 2858 713 2894 sitast,
738 2859 816 2887 kein
840 2859 1096 2888 menschlicher
1120 2859 1322 2889 Scharfsinn
1345 2867 1388 2888 zu
1403 2854 1614 2890 ermitte1n”‚
1628 2853 1768 2884 Curtius
1781 2848 1950 2883 Verbum2

121 2907 157 2938 11
182 2909 259 2939 285.
470 2909 486 2939 b
511 2912 546 2939 A
573 2911 635 2941 175
659 2914 688 2940 B
713 2911 776 2940 229
802 2915 822 2940 Ι
843 2912 896 2946 62,
923 2909 1022 2947 155ἥ,
1047 2910 1146 2950 297ἤ,
1172 2914 1202 2940 Κ
1226 2913 1279 2947 44,
1305 2912 1369 2940 282
1396 2913 1424 2939 P
1449 2912 1524 2945 241,
1549 2906 1636 2938 515⁶*
1661 2908 1677 2936 ὁ
1704 2906 1766 2936 753
1793 2918 1806 2934 ε
1830 2906 1870 2935 36
1894 2912 1945 2940 sq.

121 2970 144 2989 n
170 2961 247 2998 298,
271 2963 335 2992 438
368 2974 385 3002 ρ
411 2962 486 2993 547.
516 2963 618 2993 Locis
650 2963 791 2992 stellula
814 2964 942 2993 notatis
968 2964 1075 2993 errori
1099 2964 1247 2994 debetur
1270 2961 1444 3002 particula
1467 2974 1509 2996 κε,
1530 2960 1686 2990 futurum
1711 2961 1828 2989 autem
1854 2958 1950 2987 recte

119 3012 235 3043 habet.
369 3023 385 3044 c
410 3017 440 3044 K
464 3016 517 3044 44.
652 3014 674 3044 d
695 3018 724 3044 P
746 3016 822 3046 0¹92.
957 3025 973 3045 e
997 3017 1046 3046 La
1070 3015 1185 3046 Roche
1210 3017 1310 3046 Hom.
1329 3014 1643 3049 Untersuchungen
1667 3013 1765 3051 1893,
1780 3011 1815 3041 11
1838 3012 1853 3040 1
1870 3019 1946 3048 sqq.

257 3066 280 3103 f
297 3068 330 3096 Α
357 3067 420 3097 150
444 3076 495 3105 sq.
647 3077 669 3107 9
693 3070 720 3097 A
748 3069 810 3098 199
836 3069 879 3097 ai.
1039 3067 1059 3098 Ιι
1084 3072 1111 3098 Β
1138 3071 1200 3099 183
1226 3069 1268 3099 al.
1426 3066 1438 3096 ι·
1462 3070 1495 3096 Ν
1516 3067 1569 3096 27.
1608 3061 1611 3067 '
1718 3064 1740 3103 j
1764 3067 1791 3094 E
1814 3065 1878 3094 366
1901 3063 1946 3092 al.

258 3118 278 3148 lc
302 3122 334 3148 N
355 3121 408 3150 62.
587 3119 601 3149 l
624 3132 639 3158 η
667 3120 719 3150 14.
