2234 3443
1009 158 1068 185 XV

477 265 551 304 III.
581 264 642 304 De
673 265 920 314 praesentis
950 265 1085 314 stirp'e
1117 275 1223 304 sono
1252 280 1264 303 ι
1292 268 1422 305 aucta
1485 296 1790 309 .....

358 360 379 403 5
413 356 498 395 220
527 355 725 405 λίσσομαι,
744 338 821 402 ’ἵζω
854 358 897 395 et
926 350 1038 406 ἧμαι,
1068 356 1218 406 φράζω,
1248 357 1425 407 χάζομαι.

476 480 548 520 1V.
581 480 642 519 De
673 480 919 530 praesentis
951 481 1087 529 stirpe
1119 490 1227 520 sono
1259 496 1282 517 v
1314 483 1443 520 aucta
1487 511 1790 522 .....

357 583 378 625 5
397 581 480 618 221
509 578 648 630 ῥαίνω,
670 580 878 629 καίνυμαι,
903 578 1091 630 ἐριδαίνω
1118 582 1162 619 et
1178 578 1515 633 gplssm,fcxvc502vm
1538 583 1582 620 et
1601 582 1797 634 ρίδομαι,

235 647 436 697 χανδανω,
459 646 654 685 λανθάνω
687 648 729 686 et
759 648 888 697 λάθω,
918 647 1140 696 πεύθομαι.

120 802 220 852 Cap.
255 802 351 842 XII.
383 803 445 843 De
469 803 682 853 stirpibus
713 805 757 843 in
789 806 962 843 mutam
987 803 1259 852 gutturalem
1292 804 1594 844 desinentibus
1634 835 1642 844 .
1707 835 1715 844 .

473 927 506 966 Ι.
537 927 598 966 De
630 927 775 966 verbis
807 927 850 966 in
887 927 959 973 -ζω
964 957 1789 972 ............

352 1029 373 1072 5
406 1026 492 1064 222
525 1025 680 1075 ἅζομαι,
707 1023 909 1072 ἀλαπάζω,
944 1025 1064 1076 βάζω,
1094 1024 1288 1077 ῥυσιάζω,
1320 1026 1460 1076 στάζω,
1486 1027 1636 1077 σφάζω,
1659 1027 1794 1077 δαῖζω,

237 1092 474 1142 δνοπαλίζω,
528 1091 708 1144 ἐναρίζω,
755 1093 948 1143 κτερεΐξω,
996 1093 1236 1144 μερμηρίζω,
1281 1094 1486 1144 πελεμίζω,
1534 1094 1793 1144 macnengen,

237 1160 416 1210 στηρίζω,
456 1160 688 1210 στυφελίζω,
730 1158 874 1210 ἀτύζω,
917 1160 1089 1210 φκμίζω.
1136 1167 1157 1209 5
1207 1162 1292 1200 223
1335 1163 1478 1212 κλάζω,
1516 1162 1663 1212 πλάζω,
1693 1165 1794 1214 λιγγ,

237 1230 421 1278 mmm
451 1241 641 1279 φορμινν·

472 1360 526 1399 ΙΙ.
561 1360 620 1399 De
650 1359 861 1409 stirpibus
893 1359 1150 1399 biformibus
1180 1361 1225 1399 in
1252 1376 1274 1411 γ
1301 1363 1344 1399 et
1369 1362 1413 1400 in
1442 1361 1464 1399 ὃ
1492 1362 1792 1401 desinentibus

355 1463 376 1506 5
409 1461 494 1499 224
522 1457 698 1511 ἁρπάζοι,
729 1458 912 1509 ἀφύσσω,
935 1458 1069 1512 ρέρόω
1102 1461 1195 1500 Sive
1228 1459 1336 1512 ῥέζω.

471 1600 547 1639 111.
581 1599 641 1639 De
672 1601 919 1650 praesentis
949 1601 1085 1649 stirpe
1117 1601 1390 1640 incremento
1421 1611 1507 1640 non
1539 1604 1717 1641 ornata.

355 1705 376 1748 5
409 1700 493 1740 225
526 1698 678 1751 ἄνωγα.
708 1704 729 1747 5
762 1701 847 1740 226
881 1698 1081 1750 δέρκομαι.
1115 1704 1136 1746 5
1170 1701 1253 1740 227
1289 1699 1463 1751 δέχομαι.
1490 1703 1511 1746 5
1540 1702 1625 1740 228
1654 1697 1792 1753 ε’ρῢκω.

237 1766 362 1810 §229
389 1767 553 1819 fcfoixm.
585 1773 607 1816 ξ
640 1767 726 1806 230
758 1765 945 1819 (ἐχρέργω.
979 1773 1000 1816 5
1034 1767 1116 1806 231
1146 1764 1230 1806 ἵκω.
1257 1772 1278 1815 5
1307 1769 1391 1807 232
1424 1771 1498 1819 λεχ.
1531 1772 1552 1815 5
1585 1770 1670 1808 233
1703 1785 1792 1819 μακ.

236 1839 257 1882 5
285 1833 369 1872 234
402 1831 536 1885 ὀρέγω.
567 1838 588 1881 5
608 1835 693 1874 235
718 1836 864 1886 τμήγω.
890 1837 914 1881 5
944 1835 1028 1874 236
1057 1834 1183 1873 τίκτω.
1216 1836 1361 1880 §236'
1388 1837 1525 1887 τεύχω,
1547 1836 1793 1887 τιτύσκομαι,

234 1901 426 1951 τυγχάνω.
458 1907 479 1949 5
512 1902 594 1941 237
629 1902 782 1954 φεύγω,
811 1903 1011 1952 πεφυζώσ.

473 2042 545 2082 IV.
578 2042 640 2082 De
672 2043 918 2092 praesentis
950 2043 1088 2092 stirpe
1120 2053 1227 2082 sono
1260 2057 1274 2080 ι
1305 2044 1435 2082 aucta
1485 2072 1788 2083 .....

355 2146 376 2189 5
411 2142 496 2181 238
528 2143 707 2192 πλήσσω,
737 2142 919 2192 πτώσσω,
946 2142 1131 2195 μελίσσω.

478 2282 524 2324 V.
561 2283 622 2323 De
653 2284 900 2333 praesentis
931 2283 1067 2331 stirpe
1097 2293 1204 2323 sono
1236 2298 1261 2321 α
1292 2283 1362 2322 vel
1394 2297 1410 2322 ε
1443 2285 1574 2323 aucta
1635 2316 1641 2322 .
1707 2315 1715 2325 .

356 2389 378 2432 5
411 2384 494 2423 239
527 2384 746 2434 μῦκάομαι,
774 2383 917 2434 λκκέω,
948 2383 1111 2436 στυγέω.

473 2525 545 2566 VI.
576 2526 638 2566 De
664 2527 908 2575 praesentis
940 2526 1078 2575 stirpe
1110 2525 1282 2574 syllaba
1313 2526 1351 2572 ιζ
1379 2528 1508 2565 aucta
1561 2555 1569 2565 .
1635 2554 1643 2565 .
1709 2555 1718 2565 .
1780 2555 1787 2564 .

355 2630 376 2674 5
411 2626 497 2665 240
527 2624 713 2676 ἀκαχίζω,
743 2623 903 2676 ἄχομαι,
933 2623 1048 2676 ἀχέω,
1077 2622 1218 2677 ἀχεύω.

474 2757 568 2797 VII.
598 2757 660 2796 De
690 2758 937 2807 praesentis
968 2757 1106 2806 stirpe
1136 2767 1243 2797 sono
1275 2772 1299 2795 ν
1329 2758 1459 2796 aucta
1481 2785 1788 2797 .....

357 2861 379 2904 5
412 2857 494 2896 241
525 2853 698 2908 ὀίγνῢμι,
724 2858 920 2908 πῆγνῦμι,
947 2855 1135 2908 ρήγνῦμι,
1162 2856 1358 2909 λαγχάνοι.

478 2987 592 3026 VIII.
625 2987 687 3027 De
723 2988 968 3037 praesentis
999 2988 1136 3038 stirpe
1172 2986 1333 3027 suffixo
1360 2986 1612 3026 inchoativo
1636 2988 1791 3026 ornata

360 3089 380 3133 ἓ
413 3089 499 3128 242
530 3087 704 3139 ἀλύσκω,
736 3089 957 3142 (μεῃῖίσκω,
985 3088 1124 3141 μίσγω.

1854 485 1935 522 341

1782 836 1790 844 .
1853 807 1937 844 342

1853 932 1938 969 342

1854 1364 1939 1402 343

1783 1633 1791 1642 .
1855 1604 1938 1642 344

1853 2045 1937 2084 347

1780 2315 1788 2324 .
1852 2286 1939 2324 348

1853 2526 1937 2564 348

1852 2757 1938 2795 349

1851 2988 1937 3026 349
