2234 3443
264 191 349 230 324
871 201 926 229 nn
958 201 1184 230 STIRPIBUS
1214 202 1260 230 m
1292 203 1328 235 ᾶ,
1353 207 1392 242 η,
1423 208 1463 230 ω.
1911 191 1953 248 [ξ
1989 197 2069 234 191

385 315 575 354 Auribus
614 315 742 364 paulo
775 315 1098 354 delicatioribus
1129 314 1229 365 μηδὲ
1260 314 1329 354 ἐᾶν
1359 318 1428 356 vel
1458 322 1653 367 ποταμοῖο
1686 317 1777 357 ἐῶσι
1801 328 1954 367 parum
1985 318 2071 367 pla·

260 383 397 431 cebat,
429 382 693 421 recentiores
726 385 874 421 autem
901 385 1052 430 poetae
1083 383 1190 421 nihil
1222 384 1436 423 eiusmodi
1466 385 1509 424 in
1542 396 1622 425 sua
1650 387 1847 436 ipsorum
1879 385 2073 424 carmina

263 450 557 496 admiserunt;
587 449 630 487 in
659 449 779 497 epica
804 451 956 487 tamen
980 449 1100 497 poesi
1126 450 1354 490 toleranda
1376 451 1484 490 talia
1510 454 1710 500 poterant
1731 453 1881 501 videri,
1900 452 2074 491 duriora

262 518 379 557 enim
419 526 504 555 non
547 518 671 554 erant
712 526 843 563 quam
885 514 953 553 ὅδε
1001 511 1112 553 οἶνοσ
1149 517 1219 556 vel
1256 516 1330 566 ἐμὰ
1361 517 1466 569 ἔργα,
1496 519 1641 567 qualia
1670 519 1858 568 plurima
1887 517 2076 557 habebat

261 585 413 623 textus
454 583 578 631 signo
610 598 639 635 f
680 583 871 622 orbatus.
915 582 1212 623 Credebantur
1252 585 1384 633 igitur
1424 589 1576 635 poetae
1607 587 1729 636 epici,
1760 585 1916 634 quibus
1946 585 2074 633 quod-

259 651 365 691 libet
406 650 577 689 licitum
620 652 781 699 esseta,
825 650 958 689 etiam
1005 651 1049 689 in
1090 651 1282 690 hiatibus
1327 653 1518 692 vitandis
1561 653 1865 702 neglegentius
1911 652 2075 692 versati

261 728 373 758 esse.
416 717 647 764 Nunquam
687 727 790 756 vero
831 717 912 756 fuit
948 718 1123 766 tempus
1164 729 1247 766 quo
1288 729 1341 758 ne
1383 730 1606 759 morarum
1647 720 1821 768 quidem
1863 729 2074 759 numerus

260 787 304 824 in
345 784 525 823 Homeri
567 784 838 823 hexametris
879 785 1130 824 constitisse
1178 786 1423 826 crederetur
1463 789 1539 826 aut
1577 788 1772 827 trochaei
1811 787 2075 836 spondeique

260 852 379 891 nullo
408 851 660 890 discrimine
688 861 785 890 esse
817 851 969 891 habiti.
999 853 1151 900 Itaque
1182 860 1338 903 κρειῶν,
1361 860 1563 904 πωτῶντο,
1594 856 1758 894 similia
1784 856 1946 904 scripta
1970 856 2073 893 sunt

260 919 332 958 ubi
378 919 628 957 necessaria
675 918 948 967 videbantur,
998 920 1140 959 multo
1188 924 1335 960 autem
1385 923 1560 971 saepius
1604 933 1625 961 e
1671 923 1874 962 trochaeo
1916 922 2075 960 vitioso

260 987 447 1036 dactylus
494 986 661 1025 effictus
704 988 773 1025 est
807 1008 858 1014 —
893 988 1140 1034 quomodo?
1182 988 1388 1028 Priscane
1433 990 1589 1038 forma,
1637 1000 1662 1028 a
1708 999 1792 1038 qua
1837 988 2076 1028 contractio

261 1054 404 1093 aliena
444 1056 550 1101 erat,
594 1054 833 1092 restituta?
864 1053 946 1093 Hic
977 1054 1066 1093 illic
1108 1065 1214 1095 sane
1253 1057 1295 1095 id
1326 1057 1492 1096 factum
1522 1059 1608 1105 est3
1642 1067 1745 1096 nam
1779 1055 2076 1105 compluribus

258 1124 410 1161 textus
446 1121 595 1160 traditi
637 1120 745 1159 locis
787 1121 994 1170 leguntur
1037 1124 1279 1171 ναιετάουσι,
1321 1125 1494 1175 γοάοιεν,
1532 1123 1736 1173 similiab,
1780 1134 1890 1172 quae
1927 1121 2073 1162 confir-

259 1192 438 1228 mantur
470 1189 827 1237 inscriptionibus
858 1189 928 1228 his
958 1190 1286 1239 similibusque:

553 1254 703 1294 ἐνθάδε
733 1262 808 1306 γᾶσ
835 1253 997 1305 ὃράοντί
1025 1260 1084 1304 σε[
1097 1265 1125 1297 ⁶.
1330 1257 1333 1259 ’

554 1321 676 1373 ὄλβου
707 1323 944 1373 τηλεθάοντι
974 1322 1172 1374 ἐκοίμισεν
1201 1325 1334 1365 ὕπνοσ
1364 1323 1475 1365 κτὲ.ά

553 1389 594 1428 σε’
625 1405 696 1439 μεν
723 1391 889 1441 γοάοντε
919 1397 1039 1442 γονῆε
1068 1390 1073 1441 Ι
1102 1391 1310 1442 μυρομένω
1343 1394 1487 1443 θάψαν
1500 1401 1528 1434 2.

375 1457 693 1497 Nonnullorum
725 1460 874 1497 autem
902 1458 1132 1498 verborum
1160 1461 1323 1500 vocalis
1349 1477 1372 1498 α
1395 1462 1440 1500 in
1460 1476 1476 1499 ε
1499 1464 1567 1501 est
1587 1463 1760 1501 mutata
1782 1471 1901 1500 more
1923 1462 2075 1509 postea

259 1527 373 1565 inter
401 1525 530 1564 Dores
561 1523 770 1574 valentis,
799 1536 866 1565 ex.
899 1537 961 1575 gr.
993 1525 1244 1567 ποτέονταιθ.
1279 1529 1361 1568 Sed
1388 1529 1527 1568 multo
1554 1529 1751 1578 pluribus
1777 1539 1884 1568 nova
1911 1527 2075 1567 vocalis

257 1596 326 1633 est
342 1594 507 1632 inserta
520 1589 550 1629 ll.
569 1593 616 1631 Id
634 1603 735 1632 vero
753 1594 953 1643 μανιῶδεσ
971 1596 1037 1634 est
1058 1593 1302 1645 ἐπιχείρημα,
1325 1597 1594 1645 supprimere
1613 1597 1808 1636 vocalem
1825 1596 2074 1644 genuinam,

259 1664 308 1700 ut
347 1661 446 1700 addi
487 1661 626 1709 possit
666 1663 835 1710 spuria;
879 1662 1065 1702 conflare
1105 1663 1214 1702 duos
1248 1674 1390 1713 sonos,
1424 1666 1473 1703 ut
1504 1667 1604 1704 ante
1635 1674 1793 1703 sonum
1825 1663 1888 1702 sic
1920 1666 2073 1701 natum

257 1728 335 1767 fiat
380 1728 501 1767 locus
543 1737 656 1766 novo
696 1738 803 1769 sono
844 1730 1025 1778 originis
1062 1731 1258 1778 ignotae;
1302 1732 1558 1771 contrahere
1589 1732 1773 1780 denique
1808 1731 1916 1770 duas
1946 1730 2075 1778 sylla-

257 1797 349 1845 bas,
386 1796 485 1835 dein
525 1795 744 1843 syllabam
787 1799 1062 1836 contractam
1104 1798 1344 1847 διεκτείνειν,
1381 1801 1430 1837 ut
1466 1799 1550 1848 ipsi
1592 1801 1762 1838 veteres
1793 1800 1896 1836 sunt
1926 1797 2072 1846 locuti,

256 1864 351 1902 sive
397 1860 637 1912 distrahere,
690 1863 911 1912 divellere,
959 1864 1236 1905 discruciare.
1263 1866 1477 1915 Exemplo
1509 1867 1568 1905 sit
1597 1876 1752 1905 versus
1782 1866 1825 1904 in
1858 1865 2076 1904 codicibus

255 1931 320 1970 sic
351 1930 555 1969 traditus:

553 1995 679 2035 αὐτοῦ
713 1993 747 2035 δ’
784 1997 966 2048 ἶχθυάαι,
996 1998 1192 2037 σκόπελον
1223 2001 1533 2050 περιμαιμώωσα
1547 1998 1571 2050 ί,

258 2064 330 2104 ubi
367 2066 496 2113 poeta
537 2064 708 2103 dixerat
748 2064 906 2115 ἰχθυάει
952 2069 995 2105 et
1036 2062 1373 2117 περιμαιμᾶουσα,
1409 2069 1570 2118 posteri
1612 2069 1817 2107 dixerunt
1854 2065 1992 2116 ἰχθυᾶι
2030 2065 2074 2103 et

257 2137 548 2181 περιμαιμῶσα,
578 2133 679 2180 quid
712 2143 813 2172 Vero
847 2136 915 2172 est
945 2133 1147 2184 ἱχθυάαιὶ)
1177 2136 1279 2183 quid
1308 2137 1578 2185 -μαιμώωσαῗ

374 2198 642 2247 Responderi
687 2202 830 2248 potest
874 2202 1079 2250 rogando.
1120 2202 1228 2251 Quid
1261 2208 1329 2242 est
1360 2202 1723 2258 εἱειειειειειλίσσετε
1754 2201 1824 2241 vel
1853 2198 2075 2238 εἱειειειλίσ-

257 2279 397 2315 σουσα,
452 2277 534 2314 quo
586 2267 718 2306 verbo
766 2278 873 2307 usus
920 2271 988 2308 est
1034 2270 1354 2319 Aristophanes
1400 2281 1499 2310 cum
1541 2273 1681 2309 artem
1726 2268 1941 2317 Euripidis
1978 2266 2071 2305 imi-

344 2464 363 2483 a
387 2454 466 2491 Pag.
493 2455 545 2489 26,
571 2456 610 2484 32
624 2453 650 2484 b.
873 2456 889 2485 b
913 2457 1048 2486 Intacta
1072 2460 1256 2487 evaserunt
1278 2458 1364 2488 ἄαται
1391 2459 1455 2489 l.a.
1480 2459 1560 2488 Hes.
1585 2459 1672 2496 Clip.
1699 2459 1771 2493 101,
1797 2458 1974 2496 ἀμφαφάων
1996 2455 2019 2484 1.
2042 2463 2072 2483 a.

258 2510 282 2536 θ
320 2507 394 2540 196,
431 2506 560 2535 ἀοιδιάει
596 2519 613 2536 κ
649 2508 725 2541 227,
760 2511 875 2538 -άουσα
911 2522 923 2538 ε
956 2511 1009 2548 61,
1037 2512 1170 2549 βοάουσι
1201 2510 1223 2539 l.
1248 2519 1275 2539 a.
1302 2513 1330 2540 P
1353 2512 1428 2548 265,
1451 2514 1552 2551 βριάει
1576 2512 1656 2541 Hes.
1680 2511 1809 2548 Theog.
1832 2509 1895 2539 447
1920 2509 2021 2547 Oper.
2042 2508 2071 2543 5,

256 2560 402 2595 γοάοιμεν
425 2559 454 2587 Ω
477 2560 553 2593 664,
576 2562 697 2594 γοάοιεν
717 2573 740 2589 ω
767 2562 839 2597 190,
865 2564 973 2591 -ελάων
998 2575 1015 2591 κ
1041 2564 1081 2592 83
1106 2561 1172 2599 bis,
1198 2565 1312 2592 -ελάειν
1337 2563 1357 2593 l.
1383 2573 1411 2593 a.
1435 2565 1516 2593 Hes.
1539 2563 1666 2601 Theog.
1692 2564 1767 2599 491,
1789 2564 1926 2592 ἱλάονται
1948 2564 1976 2590 Β
1996 2561 2071 2596 550,

256 2613 449 2649 [laudumo
474 2611 554 2640 Hes.
581 2611 674 2641 Seut.
702 2614 776 2648 210,
802 2614 944 2654 κραδάων
976 2618 1007 2644 Η
1029 2617 1092 2646 213
1119 2616 1175 2652 aL,
1196 2617 1343 2651 μειδιάων
1368 2616 1401 2645 h.
1424 2617 1550 2646 Bacch.
1577 2619 1608 2652 4,
1631 2619 1806 2646 ναιετάουσι
1831 2615 1875 2644 al.
1899 2617 1926 2643 A
1951 2615 1991 2644 45
2017 2613 2072 2649 al.,

257 2664 348 2693 οὔταε
380 2675 402 2701 χ
434 2663 510 2699 356,
545 2665 661 2703 πέραον
696 2668 730 2694 Π
758 2666 833 2701 367,
865 2670 989 2696 οσκίαον
1019 2680 1041 2704 μ
1073 2669 1150 2704 436,
1174 2671 1296 2707 στιχάει
1320 2673 1343 2698 Ο
1368 2669 1444 2704 635,
1470 2670 1626 2707 τηλέθαον
1649 2669 1691 2698 al.
1717 2671 1745 2697 P
1767 2669 1806 2697 55
1832 2667 1886 2703 aL,
1911 2667 2004 2696 ὕλαον
2028 2665 2070 2695 al.

257 2726 279 2744 n
313 2718 343 2752 5,
376 2717 407 2752 9,
437 2718 511 2751 162,
538 2711 648 2753 ἶῐμιῗειν
674 2718 754 2748 ΗΘΒ.
777 2719 878 2757 Oper.
904 2721 979 2756 392,
1003 2718 1126 2758 διψάων
1151 2725 1166 2751 λ
1193 2722 1269 2758 584,
1293 2718 1433 2759 -μαιμᾶει
1461 2727 1489 2751 Υ
1506 2723 1582 2759 490,
1607 2718 1738 2751 πεινάων
1761 2721 1804 2750 al.
1829 2723 1860 2750 1'
1879 2720 1921 2749 25
1953 2722 1984 2748 Π
2007 2718 2068 2748 758

256 2771 282 2797 Σ
305 2769 379 2805 162,
400 2771 575 2807 ψηλαφάων
595 2770 616 2799 l.
630 2779 658 2799 a.
685 2783 694 2800 ι
714 2772 794 2807 416;
819 2780 965 2809 quorum
981 2773 1159 2804 verborum
1175 2775 1341 2812 pleraque
1366 2773 1527 2804 dictionis
1550 2775 1704 2813 poeticae
1719 2773 1958 2810 fuere,Monro
1972 2772 2068 2801 Hom.

258 2819 454 2850 Grammar²
488 2821 507 2860 ἓ
545 2822 597 2851 53.
633 2823 688 2852 Sic
724 2821 758 2852 in
796 2824 955 2854 nominum
985 2825 1131 2856 flexione
1162 2826 1220 2857 hic
1253 2827 1324 2857 illic
1355 2830 1489 2857 servata
1513 2830 1594 2857 sunt
1615 2830 1699 2866 φάοσ
1722 2827 1741 2865 ἓ
1765 2827 1818 2862 71,
1843 2828 1923 2855 οάοσ
1947 2825 1968 2854 l.
1983 2833 2013 2853 a.
2039 2826 2070 2853 11

258 2874 333 2909 252,
357 2876 473 2913 κριάων
497 2874 529 2903 h.
553 2875 656 2904 Mero.
683 2876 757 2905 130.
892 2887 908 2906 c
931 2878 1047 2907 Boeot.
1070 2880 1145 2909 860.
1280 2879 1303 2909 d
1326 2880 1437 2910 Miles.
1460 2880 1581 2910 Kaibel
1605 2880 1723 2918 Epigr.
1747 2880 1824 2909 223.
1955 2886 1972 2906 e
1994 2874 2068 2905 Car·

256 2924 339 2954 ibid,
365 2926 439 2955 289.
599 2927 621 2964 f
639 2927 678 2956 In
703 2927 830 2958 Ionicis
853 2929 1136 2968 inscriptionibus
1159 2932 1253 2961 nulla
1271 2931 1471 2962 huiusmodi
1493 2932 1598 2962 verba
1619 2933 1787 2962 hactenus
1809 2933 1948 2961 inventa
1973 2932 2071 2964 sunt;

257 2977 317 3007 sed
342 2978 535 3008 Herodotus
559 2980 600 3009 iis
623 2989 707 3010 usus
731 2990 807 3010 esse
833 2982 951 3012 fertur.
1083 2994 1104 3022 9
1129 2985 1231 3021 ἤντεον
1256 2988 1291 3014 Η
1313 2986 1388 3021 423,
1412 2983 1428 3023 §
1453 2986 1529 3020 211,
1547 2985 1716 3021 ’μενοίνεον
1740 2987 1781 3014 Μ
1805 2984 1857 3020 59,
1880 2982 2068 3019 ὁμοκλέομεν

257 3042 280 3059 ω
309 3030 381 3065 173,
405 3034 508 3060 -κλεον
532 3036 555 3060 Ο
580 3032 644 3062 658
669 3033 725 3068 al„
749 3035 912 3064 ποτέονται
942 3037 971 3063 Τ
990 3036 1053 3065 357
1078 3048 1100 3064 ω
1127 3037 1156 3071 7,
1177 3035 1193 3075 §
1216 3037 1292 3076 216,
1317 3039 1436 3076 τροπέω
1460 3041 1483 3067 Σ
1507 3038 1571 3067 224
1591 3037 1645 3072 al„
1670 3038 1778 3075 §25L
1900 3035 1919 3064 ll
1945 3036 2069 3064 Trans-

258 3081 345 3111 itum
382 3083 513 3112 faciunt
549 3087 658 3114 ἐλάωσι
690 3085 709 3114 l.
730 3094 758 3115 a.
792 3098 808 3122 η
841 3088 917 3122 319,
947 3090 1142 3125 uuintoniam,
1166 3095 1243 3118 -σᾶσ
1268 3091 1298 3118 Γ
1319 3090 1382 3120 387
1414 3092 1440 3119 Β
1465 3091 1528 3119 648
1554 3090 1596 3119 al.
1622 3094 1656 3119 et
1679 3088 1714 3118 in
1738 3087 1896 3118 nominum
1923 3087 2067 3117 flexione

257 3136 437 3173 θυραωρόσ,
463 3138 628 3175 πυλαωρόσ
649 3146 708 3174 pro
734 3141 843 3178 -ουρόσ
868 3141 977 3176 (recte
999 3140 1020 3168 1.
1044 3149 1073 3168 a.
1098 3140 1128 3169 Ω
1154 3142 1242 3178 681).
1421 3142 1433 3171 τ’
1456 3154 1476 3176 μ
1502 3142 1555 3171 95.
