2234 3443
268 150 354 189 380
918 156 973 184 DE
1004 154 1432 184 PRAEPosrrmNIBUS.
1794 147 1832 192 [ἓ
1865 147 1964 194 315,
1999 147 2083 185 316

383 270 539 319 Turpis
578 270 733 309 matris
773 268 864 308 filia
896 269 1063 317 turpior
1095 267 1172 306 εἲνί
1197 268 1422 307 invenitur
1446 268 1492 307 in
1518 268 1699 308 vocibus
1725 266 1801 306 εἰνὶ
1825 268 2011 319 θρόνωια
2042 271 2085 308 et

266 336 340 377 εἰνὶ
370 337 540 387 θύρκισι
553 333 582 386 b,
611 337 687 375 sed
715 336 898 375 alterius
929 337 1054 374 extat
1085 335 1113 375 l.
1147 345 1185 375 a.
1219 333 1260 373 ἓν
1287 337 1455 385 κλισμῶι
1468 342 1497 385 0,
1522 335 1704 377 alterius
1731 334 1774 373 ἐν
1798 333 2086 387 προθύροισιᾶ.

254 451 258 454 ,
385 404 638 453 Composita
667 403 1004 452 praepositionis
1035 400 1078 440 ἐν
1109 402 1252 441 multa
1277 402 1420 451 fuere;
1450 404 1676 451 praeterea
1703 403 1938 442 cohaerent
1961 402 2090 453 ἐντόσ,

265 471 438 523 ἔντερον,
468 471 539 522 εἰσ,
570 471 687 520 ἔνθα,
717 469 850 519 ἔνδον,
881 464 1001 521 ι’γνῦκ
1016 476 1044 519 e,
1076 469 1175 509 alia.

384 613 429 657 6.
462 611 558 667 ξύν,
585 610 665 654 σύν
678 611 711 653 f.
732 635 784 641 —-
803 613 981 652 Praeter
1008 612 1255 661 composita
1279 611 1434 664 multa,
1463 612 1698 652 cohaerent
1723 612 1858 663 ξῦνόσ,
1888 611 2090 663 ἐπίξῦνοσ,

268 682 480 732 ξῦνήῖοσθ.

384 815 426 858 7.
460 815 729 864 Praepositio
777 810 888 867 ὑπὲρ
936 815 979 853 vi
1026 824 1244 854 consonae
1285 825 1307 852 6
1347 815 1553 864 primitus
1596 815 1819 853 subiectae
1860 815 1977 854 facta
2022 815 2090 854 est

265 882 381 934 ὑπείρ
412 884 457 922 in
489 883 669 922 vocibus
695 880 813 933 ὑπεὶρ
840 881 915 920 ἅλα
929 878 962 930 ἂ,
988 881 1212 932 ὑπείρεχον,
1238 880 1463 933 ὑπείροχοσ,
1486 878 1763 932 Ὓπειροχίὸκσ
1776 879 1798 919 2'.
1832 882 1881 921 In
1913 883 2090 922 nomine

258 947 484 1000 Ὗπείρων]
536 961 591 989 ex
634 945 1077 999 ‘Ynspimv-‘Yne'pymv
1128 951 1233 988 nato
1280 949 1396 988 idem
1456 949 1601 988 effecit
1646 959 1781 988 sonus
1822 964 1848 989 ι.
1898 949 2090 989 Verbum

264 1017 515 1069 ὑπερέβαλον
542 1028 644 1057 vero
670 1017 890 1065 syllabam
916 1030 1028 1066 -περ-
1054 1017 1240 1055 metrica
1265 1016 1444 1055 licentia
1465 1017 1509 1055 in
1527 1016 1614 1055 arsi
1632 1016 1891 1056 collocatam
1909 1015 2042 1055 habet
2056 1014 2087 1056 k.

384 1151 426 1194 8.
459 1152 521 1191 De
561 1151 899 1201 praepositionis
940 1149 1007 1188 διά
1047 1151 1189 1190 forma
1230 1151 1537 1199 monosyllaba
1574 1150 1619 1196 ζά
1651 1151 1694 1190 in
1727 1150 1953 1190 nonnullis
1978 1161 2092 1190 com-

268 1221 425 1269 positis
456 1222 668 1268 usurpata
699 1229 832 1268 supra
863 1219 1032 1258 dictum
1067 1212 1173 1257 estl.

388 1351 415 1407 ξ
449 1353 553 1397 316.
584 1355 634 1393 In
665 1354 895 1393 nominum
930 1363 1030 1392 cum
1063 1353 1458 1402 praepositionibus
1490 1354 1692 1393 iunctura
1726 1353 1870 1392 multa
1900 1354 2094 1392 mutavit

268 1421 399 1470 longa
430 1423 537 1461 dies.
571 1421 737 1460 Cuncta
767 1422 919 1460 autem
950 1431 1199 1470 congerere,
1227 1430 1337 1469 quae
1369 1431 1528 1461 aevum
1554 1421 1774 1460 recentius
1801 1430 1826 1459 a
1852 1421 2095 1460 vetustiore

269 1489 422 1528 habuit
469 1489 777 1538 discrepantia,
823 1488 1017 1527 alienum
1065 1490 1133 1527 est
1180 1488 1232 1527 ab
1279 1488 1410 1527 huius
1451 1489 1594 1537 operis
1634 1487 1839 1535 consilio;
1882 1487 2094 1527 nonnulla

270 1558 421 1596 tamen
454 1568 509 1596 ex
539 1558 594 1596 iis
626 1566 736 1604 quae
769 1556 916 1604 epicae
948 1556 1129 1594 dictioni
1159 1556 1335 1604 propria
1364 1556 1484 1594 fuere
1515 1556 1585 1595 hic
1616 1556 1719 1594 sunt
1751 1554 1984 1594 afferenda.

391 1623 431 1666 l.
464 1621 581 1678 ἀμφί
612 1625 655 1664 id
686 1624 799 1671 quod
830 1623 1028 1672 utrinque
1059 1623 1248 1676 valebat,
1282 1633 1350 1663 ex.
1382 1633 1469 1671 gr.:

388 1686 505 1744 ἀμφὶ
552 1688 595 1728 δὲ
639 1696 756 1730 νῆσοι
784 1694 790 1742 1
819 1689 964 1730 πολλαὶ
1008 1691 1240 1730 ναιετάουσι
1284 1692 1337 1731 ab
1382 1695 1559 1739 utraque
1594 1693 1717 1740 parte
1760 1691 1917 1729 multae
1959 1691 2093 1730 iacent

269 1757 430 1796 insulae
442 1765 483 1796 m.

389 1821 507 1878 ἀμφὶ
539 1821 582 1863 δὲ
611 1828 731 1877 γαῖαν
761 1824 875 1872 ἔναξε
904 1826 957 1865 ab
988 1829 1167 1874 utraque
1193 1829 1314 1875 parte
1348 1829 1509 1865 terram
1539 1826 1717 1875 ayyessit
1737 1833 1772 1865 n,

389 1891 731 1941 Nonnumquam
763 1894 982 1932 sociatum
1015 1896 1083 1932 est
1113 1894 1206 1943 περί
1234 1894 1328 1933 sive
1359 1894 1484 1943 circa,
1520 1903 1589 1933 ex.
1622 1904 1708 1942 gr.:

1158 1958 1262 2013 περὶ
1293 1958 1364 2010 μὲν
1397 1960 1514 2009 ξίφοσ
1545 1958 1799 2012 ἀργυρόηλον

628 2025 771 2076 ὤμοιιν
796 2023 1014 2078 ’βαλόμκν,
1044 2025 1143 2079 μέγα
1173 2029 1353 2078 χάλκεον,
1381 2025 1500 2082 ἀμφὶ
1532 2025 1575 2066 δὲ
1606 2027 1699 2075 τόξα
1711 2035 1742 2067 ⁰.

390 2092 591 2132 Nominis
621 2096 882 2135 accusativus
914 2096 982 2135 vel
1022 2097 1228 2145 yenitivus
1259 2096 1328 2135 vel
1360 2097 1524 2135 dativus
1553 2097 1728 2145 poterat
1759 2094 1876 2145 addi,
1906 2104 1974 2133 ex.
2007 2104 2093 2142 gr.:

627 2158 744 2214 ἀμφὶ
777 2161 819 2200 δέ
850 2172 926 2215 μιν
957 2163 1130 2212 Κρητῶν
1161 2160 1253 2213 ἀγοὶ
1283 2160 1590 2214 ἠγερέθονταιί).

390 2225 593 2277 μάχεσθον
623 2227 628 2278 Ι
655 2226 853 2270 vulcanos
894 2226 1008 2284 ἀμφ’
1050 2226 1218 2284 bxi-suo
1254 2241 1450 2279 puynam
1490 2231 1634 2270 ineunt
1675 2229 1728 2269 ab
1768 2231 1947 2277 utraque
1972 2231 2094 2278 parte

269 2294 540 2343 scaturiyinis
569 2296 783 2344 exiyuaeq.

627 2360 742 2417 ἀμφ’
772 2360 963 2417 ὤμοισιν
994 2363 1157 2404 ἐδύσετο
1186 2365 1323 2417 τεύχεα
1354 2364 1456 2404 καλά
1475 2372 1503 2402 r.

390 2429 622 2469 Translata
663 2434 812 2470 autem
853 2432 1032 2471 notione
1072 2443 1159 2472 vox
1209 2430 1316 2482 ἀμφί
1354 2432 1605 2472 accusativo
1647 2431 1717 2471 vel
1766 2431 1915 2470 dativo
1945 2431 2094 2469 iuncta

270 2495 461 2536 indicare
492 2499 661 2545 poterat
693 2508 880 2548 causam,
913 2509 982 2539 ex.
1014 2510 1101 2548 gr.:

360 2647 380 2667 a
418 2639 444 2668 Θ
466 2638 528 2667 199
557 2642 581 2666 O
606 2637 683 2667 150.
839 2637 855 2667 b
888 2641 913 2668 θ
937 2639 1000 2668 325
1024 2651 1034 2668 ι
1058 2639 1124 2668 41¹7
1147 2650 1165 2668 κ
1188 2639 1264 2674 220,
1288 2639 1352 2669 310
1376 2650 1398 2675 μ
1423 2638 1498 2668 256.
1666 2647 1683 2668 c
1717 2638 1772 2668 Sic
1798 2638 1824 2668 Θ
1850 2638 1912 2668 199
1940 2645 2093 2676 papyrus

273 2697 384 2727 nuper
404 2692 543 2728 reperta
569 2689 635 2720 IIIi
654 2692 733 2720 ante
754 2688 832 2720 Chr.
856 2691 998 2720 saeculi.
1020 2689 1286 2721 Conieceramus
1310 2693 1340 2721 δν
1364 2693 1472 2721 &dmm
1497 2690 1576 2721 coll.
1603 2691 1630 2721 Θ
1653 2691 1716 2720 439
1742 2690 1785 2719 al.
1982 2688 2006 2719 d
2037 2689 2092 2720 Sic

274 2742 412 2773 codices
434 2741 556 2781 optimi
582 2747 604 2773 θ
630 2743 694 2773 325
721 2755 738 2773 κ
762 2744 838 2780 310,
863 2744 1083 2773 Aristarchus
1106 2755 1124 2774 κ
1148 2745 1223 2774 220.
1394 2753 1411 2774 e
1445 2745 1527 2782 Pag.
1554 2744 1617 2774 175
1631 2752 1657 2774 e.
1825 2742 1849 2780 f
1876 2742 1959 2780 Pag.
1987 2743 2091 2780 1089.

404 2805 426 2835 9
460 2794 577 2831 ξῡνήων
600 2794 683 2826 Hes.
708 2795 837 2833 Theog.
863 2796 940 2833 595,
964 2797 1041 2826 601.
1233 2795 1253 2826 Ιι
1290 2799 1320 2826 Ψ
1345 2797 1408 2827 227
1434 2797 1489 2834 aL,
1514 2805 1592 2835 pag.
1619 2797 1682 2826 152
1695 2805 1727 2826 a.
1914 2794 1927 2825 i
1949 2794 2038 2825 Ibid.
2055 2803 2090 2834 p.

399 2847 421 2887 j
444 2851 471 2877 Ε
493 2850 573 2884 144;
601 2849 644 2878 cf.
665 2857 743 2887 pag.
767 2849 808 2878 58
821 2847 917 2886 f—lt.
1053 2847 1073 2877 lc
1099 2851 1133 2878 Ψ
1153 2849 1228 2879 637.
1249 2849 1381 2879 Similis
1403 2849 1544 2879 licentia
1568 2850 1586 2887 ξ
1612 2850 1671 2886 21;
1692 2846 1797 2879 facile
1821 2850 1936 2878 tamen
1958 2848 2093 2885 poterat

274 2900 375 2929 vitari
395 2909 583 2939 suppresso
609 2903 807 2939 augmento,
832 2901 996 2940 ὑπέρβαλε,
1020 2902 1060 2930 ut
1081 2909 1131 2931 vs.
1157 2901 1233 2938 843,
1257 2902 1333 2932 847.
1541 2901 1555 2931 l
1577 2901 1596 2940 ἓ
1617 2902 1670 2931 90.
1878 2910 1907 2930 m
1931 2912 1940 2930 ι
1963 2899 2017 2929 22.
2041 2898 2091 2928 De

274 2952 394 2982 Ithaca
417 2953 504 2983 haec
526 2953 700 2989 dicuntur,
728 2962 817 2991 quae
841 2954 917 2992 ipsa
940 2955 1225 2994 πανυπερτάτη...
1240 2959 1337 2984 natvm
1359 2954 1443 2994 πρόσ
1475 2955 1578 2993 ζόφον,
1599 2962 1650 2983 vs.
1670 2954 1712 2983 25
1727 2961 1794 2991 sq.;
1817 2951 1966 2982 absurda
1988 2951 2094 2988 igitur

275 3005 361 3034 haec
384 3006 507 3035 fierent
527 3004 557 3035 ei
580 3007 658 3044 quis
676 3007 757 3046 ἀμφι
780 3006 930 3036 verteret
952 3005 1081 3042 circum,
1104 3006 1188 3036 orbe
1216 3006 1333 3045 aliquo
1357 3007 1550 3037 insularum
1574 3006 1729 3036 Ithacam
1753 3005 1901 3035 cinctam
1925 3001 2094 3041 cogitans.

410 3068 430 3086 n
465 3069 487 3096 φ
515 3059 589 3087 122.
745 3068 763 3089 0
787 3071 804 3088 κ
829 3059 891 3088 261
918 3066 970 3096 sq.
1123 3069 1148 3100 p
1171 3061 1202 3089 Γ
1222 3060 1299 3089 231.
1464 3068 1483 3098 q
1510 3062 1544 3089 Π
1565 3060 1630 3089 824
1654 3067 1722 3096 sq.;
1746 3058 1829 3088 item
1854 3059 1882 3086 B
1909 3056 1973 3086 384
1995 3054 2090 3096 (ἀμφὶ

276 3109 383 3147 ιχειδών,
408 3109 507 3139 codd.
530 3111 632 3150 ἀμφὶσ
653 3108 740 3151 ἰδών)
767 3115 791 3140 0
815 3112 878 3141 391
903 3113 939 3140 Π
957 3110 1033 3146 496,
1058 3111 1122 3141 533
1146 3114 1170 3141 2
1194 3112 1235 3142 20
1259 3109 1296 3150 (l.
1320 3120 1350 3142 a.
1375 3115 1400 3141 θ
1426 3111 1513 3149 267).
1646 3121 1663 3140 r
1699 3112 1730 3140 Γ
1750 3109 1827 3139 328.
