2234 3443
278 142 303 180 2
312 142 363 180 16
968 149 1023 177 DE
1055 148 1393 178 PRONomNrBus.
1806 143 1845 189 [ἓ
1877 142 1932 181 99
1941 144 2054 182 -10
2063 147 2087 182 1

275 267 506 311 testantur,
547 266 752 314 quoniam
793 264 830 302 τί
863 257 887 314 ἦ
921 260 964 301 δὲ
996 262 1044 301 σύ
1075 272 1230 311 parum
1262 263 1385 311 epica
1415 263 1528 302 foret
1558 263 1873 312 particularum
1907 266 2042 305 series
2055 275 2091 316 a,

274 335 370 372 tum
399 333 495 381 ipsa
524 333 591 371 vis
621 333 741 371 vocis
771 331 847 382 τίη,
874 341 985 379 quae
1010 329 1195 369 adverbii
1219 339 1304 369 non
1331 330 1602 379 pronominis
1628 331 1824 379 partibus
1841 334 1909 372 est
1925 333 2089 374 functa.

393 465 419 515 ἕ
438 464 537 508 100.
554 467 736 505 Pronom
745 476 796 504 en
812 463 1086 504 indefinitum
1105 464 1290 512 negandi
1307 463 1548 513 particulae
1565 465 1848 505 subiunctum
1864 468 2089 519 neminem,

274 534 439 573 nullum
470 532 766 581 significabat:
799 530 848 570 οὔ
880 543 953 580 τισ,
987 529 1036 569 οὔ
1069 545 1116 580 τι,
1146 530 1200 580 μή
1231 542 1306 580 τισ,
1335 531 1388 580 μή
1421 546 1470 571 τι.

392 601 442 639 In
483 600 716 640 nonnullos
762 608 915 638 versus
954 598 1224 646 irrepserunt
1254 598 1509 637 recentioris
1540 598 1637 637 aevi
1668 601 1927 648 pronomina
1957 600 2093 641 οὐδείσ

275 670 319 708 et
358 668 512 718 μηδείσ,
552 678 619 706 eX.
656 678 718 715 gr.
751 664 873 705 οὐδὲν
904 663 1054 716 ἐοργώσ
1085 675 1160 713 pro
1192 662 1240 702 οὔ
1272 680 1306 702 τι
1336 663 1586 718 ρεροργώσό,
1617 663 1739 704 οὐδὲν
1770 667 1834 705 σοί
1861 683 1904 719 γε
1935 679 2010 717 pro
2042 667 2091 708 οὔ

273 750 308 774 τι
351 736 430 774 τεῒν
475 742 558 786 γεο.
607 734 688 773 Sed
729 734 1024 783 suspicionem
1066 743 1152 772 non
1198 734 1351 772 movet
1382 730 1477 772 οὐδ’
1513 732 1606 772 ἕνόσ
1635 744 1686 772 ne
1717 735 1845 774 unius
1875 735 2092 786 quidemd,

273 812 411 851 neque
443 801 719 851 οὐδενόσωροσ
749 812 800 840 ne
831 801 1001 840 minimi
1032 801 1199 849 quidem
1224 801 1389 851 pretiie,
1424 802 1538 849 quod
1572 802 1740 841 minore
1769 813 1866 842 cum
1894 805 2093 854 emphasi

273 870 437 909 dictum
469 871 536 908 est
568 868 795 908 οὐτιδανόσ.

389 936 454 975 Ab
486 937 609 985 epica
639 936 827 975 dictione
853 935 995 975 aliena
1020 935 1198 975 fuerunt
1221 933 1325 984 ἀμόσ
1352 937 1395 974 et
1420 936 1628 975 adverbia
1654 946 1764 984 quae
1791 937 1842 975 ab
1867 936 2095 976 indefinito

272 1004 353 1043 hoc
383 1004 640 1052 pronomine
670 1003 799 1042 ducta
830 1001 974 1042 suntf.

753 1359 812 1398 V.
842 1360 914 1398 De
943 1362 1329 1409 pronominibus
1357 1359 1611 1399 relativis.

390 1484 418 1540 ἓ
453 1486 551 1530 101.
579 1489 830 1529 Relativum
865 1488 923 1538 ὅσ,
955 1489 987 1538 ὅ,
1019 1490 1045 1529 ἦ
1075 1492 1119 1530 in
1151 1492 1285 1541 epicis
1317 1491 1585 1531 carminibus
1610 1491 1719 1529 nihil
1745 1490 1877 1529 habet
1903 1490 2093 1539 insol-iti;

271 1565 374 1594 nam
418 1556 757 1595 describentium
805 1558 1023 1597 erroribus
1068 1559 1279 1599 debentur
1319 1560 1502 1608 genitivi
1539 1558 1708 1599 formae
1750 1557 1852 1600 30v9
1894 1559 1935 1597 et
1976 1555 2091 1596 ss'ush.

271 1623 541 1662 Adverbium
573 1624 658 1662 fuit
689 1622 756 1662 ὡσ.

389 1691 442 1729 Et
483 1693 730 1739 pronomini
771 1694 813 1731 et
855 1693 1059 1733 adverbio
1095 1704 1224 1742 saepe
1267 1694 1501 1733 subiuncta
1532 1696 1600 1733 est
1632 1693 1787 1732 vocula
1817 1693 2019 1747 enclitica
2051 1707 2090 1731 τε

288 1768 365 1806 que
400 1768 425 1796 a
462 1759 596 1808 stirpe
631 1760 905 1807 pronominis
935 1759 1151 1800 indefiniti
1182 1772 1242 1798 τισ
1273 1759 1451 1806 ductast:
1480 1771 1589 1808 quae
1619 1760 1764 1799 locum
1796 1760 1985 1799 habebat
2017 1760 2090 1798 ubi

273 1826 403 1874 „novi
448 1826 549 1874 quid
596 1826 896 1875 proferebatur
942 1828 995 1866 ad
1039 1838 1131 1866 rem
1174 1829 1262 1867 iam
1295 1829 1516 1876 cognitam
1549 1828 1708 1866 melius
1741 1827 2089 1876 cognoscendam

274 1893 595 1945 „isyntheticeh
629 1893 702 1932 ubi
733 1904 834 1933 vero
867 1894 1018 1933 aberat
1049 1909 1099 1944 τε,
1129 1895 1366 1934 relativum
1395 1905 1494 1934 cum
1522 1895 1809 1934 antecedente
1833 1904 1912 1933 suo
1928 1904 2089 1933 novam

274 1962 344 2009 „et
375 1961 592 2008 integram
624 1961 847 2000 notionem
881 1962 1175 2001 constituebat
1202 1959 1518 2010 (analytioer'j.

388 2028 501 2066 Loco
548 2029 819 2076 pronominis
863 2029 1037 2068 relativi
1085 2040 1109 2068 a
1154 2030 1313 2078 priscis
1358 2031 1498 2078 poetis
1546 2039 1673 2078 saepe
1721 2030 1981 2078 usurpatum
2022 2030 2090 2067 est

270 2095 667 2134 demonstrativum
701 2094 790 2145 3(σ),
819 2095 875 2146 τό,
899 2095 926 2134 ἦ
947 2097 995 2145 is,
1024 2097 1080 2146 id,
1109 2107 1154 2135 ea
1169 2094 1200 2136 k.
1230 2097 1299 2135 Sic
1324 2096 1456 2136 fiebat
1474 2097 1709 2145 paratacris,
1727 2097 1895 2145 priscae
1912 2095 2091 2134 dictioni

269 2162 413 2209 magis
450 2164 551 2211 apta
590 2173 723 2210 quam
764 2164 1089 2203 enuntiatorum
1133 2165 1510 2213 hypotacticorum
1542 2165 1763 2203 structura
1793 2162 2089 2202 artificiosior:

270 2228 456 2268 alterum
499 2231 774 2269 enuntiatum
814 2232 942 2270 alteri
983 2232 1292 2284 apponebatur,
1335 2242 1421 2270 non
1463 2224 1795 2270 subiciebaturl.
1830 2230 2093 2270 Consimiles

270 2298 418 2335 autem
453 2319 504 2324 -—
539 2307 647 2344 quae
678 2298 813 2337 fallax
845 2301 912 2337 est
938 2299 1223 2338 similitudom
1258 2321 1300 2326 -—
1335 2300 1377 2337 in
1407 2299 1594 2338 dictione
1622 2300 1744 2348 epica
1770 2299 1890 2338 fuere
1915 2299 2086 2338 demon·

271 2364 443 2402 strativi
476 2365 604 2403 huius
637 2367 905 2413 pronominis
937 2369 1066 2415 atque
1098 2367 1272 2406 relativi
1304 2368 1472 2406 formae
1505 2366 1562 2416 ὅσ,
1593 2366 1631 2415 ἦ,
1663 2366 1711 2416 οἴ,
1747 2366 1799 2404 αἴ.

358 2529 377 2548 a
399 2519 418 2557 ξ
444 2520 538 2555 329²,
560 2519 696 2550 Monro²
715 2522 791 2557 310,
814 2522 924 2560 Apoll.
954 2522 996 2552 de
1022 2523 1117 2553 Coni.
1143 2524 1218 2553 523.
1388 2522 1403 2552 b
1427 2535 1449 2561 χ
1479 2524 1554 2552 318.
1712 2531 1728 2552 c
1752 2525 1783 2551 X
1808 2523 1884 2559 332,
1909 2523 1985 2558 513,
2009 2531 2087 2560 pag.

271 2572 334 2601 203
348 2571 374 2601 b.
399 2573 464 2601 Pro
488 2573 588 2602 οὐδένι
612 2573 678 2611 leg.
704 2574 740 2603 οὔ
762 2577 868 2604 unx
890 2576 953 2605 459
978 2579 993 2604 λ
1019 2576 1096 2615 515,
1119 2585 1181 2614 pro
1206 2576 1294 2606 οὐδέν
1319 2576 1384 2614 leg.
1409 2575 1445 2605 οὔ
1469 2587 1496 2605 τι
1523 2578 1548 2604 E
1570 2577 1634 2606 516
1660 2576 1676 2605 δ
1703 2576 1764 2605 195
1799 2588 1808 2604 ι
1835 2575 1888 2611 34,
1909 2576 1972 2605 287
1993 2577 2086 2605 1264

270 2626 400 2654 etcum
419 2625 515 2654 hiatu
537 2634 703 2655 concesso
724 2627 817 2664 (pag.
841 2628 946 2667 215q)
968 2630 1002 2658 A
1018 2629 1093 2664 244,
1109 2630 1173 2659 412
1189 2631 1219 2658 K
1243 2630 1306 2659 216
1324 2628 1431 2658 11274
1453 2640 1471 2657 σ
1499 2629 1560 2658 130
1582 2641 1597 2658 υ
1622 2629 1684 2658 366
1708 2628 1746 2667 (Ρ)
1767 2640 1788 2666 χ
1810 2629 1873 2659 370
1887 2628 2088 2666 Hes.Oper.

272 2677 346 2712 144,
382 2678 457 2713 311,
492 2686 554 2716 pro
587 2679 682 2716 μηδὲν
716 2679 782 2717 leg.
817 2683 858 2717 μή
889 2691 916 2709 τι
951 2684 977 2710 Σ
998 2681 1062 2711 500
1082 2681 1116 2711 h.
1138 2683 1201 2720 Ap.
1226 2683 1290 2711 338
1315 2682 1396 2711 Hes.
1421 2682 1521 2720 Oper.
1548 2681 1623 2717 395,
1649 2681 1758 2711 Cobet
1784 2678 1883 2710 Misc.
1906 2679 1987 2710 Crit.
2011 2680 2088 2710 275.

270 2729 343 2759 Non
367 2733 561 2768 congruunt
585 2731 616 2760 Ω
636 2732 699 2760 3Ἷο
721 2732 737 2760 ὁ
752 2732 827 2771 248,
847 2734 910 2763 350
932 2745 948 2773 ρ
972 2734 1044 2763 141.
1178 2733 1201 2764 d
1224 2736 1250 2765 Θ
1271 2735 1346 2764 234.
1481 2744 1496 2763 e
1522 2736 1548 2764 Θ
1564 2734 1758 2772 178‚§309.
1894 2733 1916 2767 f
1933 2734 2086 2771 Excepto

269 2783 391 2818 ἁμόθεν
414 2794 433 2811 α
459 2784 509 2813 10.
640 2793 662 2823 9
686 2782 766 2821 Pag.
794 2786 856 2813 169
870 2795 900 2814 a.
1034 2785 1054 2814 Ιι
1079 2789 1112 2815 Π
1135 2787 1198 2816 208
1223 2786 1399 2824 φυλόπιδοσ
1423 2786 1501 2823 μέγα
1524 2787 1649 2827 Ῐέργον,
1674 2788 1727 2824 ἕησ
1752 2785 1785 2815 τὸ
1809 2788 1882 2825 πρίν
1904 2785 1928 2822 γ’
1946 2787 2086 2824 ἐράασθε

269 2834 335 2866 164.
359 2836 533 2873 φυλόπιὸοσ
551 2836 667 2876 Ῐὲργον
688 2839 835 2874 μεγάλησ,
860 2842 914 2866 τοῦ
933 2841 1006 2877 πρίν
1030 2848 1086 2879 περ
1111 2840 1239 2878 ἔρασθε,
1265 2839 1282 2876 ξ
1309 2836 1398 2868 305⁴.
1659 2837 1672 2868 i
1696 2838 1714 2875 ξ
1740 2835 1831 2873 328²,
1854 2838 2028 2867 Hermann
2042 2836 2084 2865 ad

271 2887 374 2925 Orph.
404 2888 495 2918 Lith.
528 2890 605 2923 393,
627 2889 768 2919 Nitzsch
793 2889 835 2918 ad
859 2901 878 2918 α
904 2891 956 2925 50,
981 2891 1018 2919 Ε.
1043 2891 1219 2921 Lammert
1242 2891 1283 2921 de
1307 2891 1568 2930 pronominibus
1592 2891 1744 2921 relativis
1767 2888 1961 2920 Homericis
1987 2889 2083 2925 1874,

271 2939 309 2969 21
335 2948 410 2977 sqq.
558 2941 580 2980 j
602 2942 753 2971 Nitzsch.
955 2942 974 2971 lc
997 2942 1016 2980 ξ
1043 2944 1094 2972 96.
1238 2943 1252 2973 l
1273 2945 1465 2980 „Homerus
1488 2942 1736 2973 existimandus
1759 2945 1811 2973 est
1833 2943 1934 2980 longe
1957 2942 2086 2980 saepis-

271 2993 379 3026 „sime
402 2993 705 3024 demonstrativam
730 2997 871 3032 putasse
895 2995 1100 3024 sententiam
1126 3004 1226 3032 quam
1249 3005 1310 3025 nos
1329 3005 1492 3026 vocamus
1512 2993 1691 3025 relativam
1706 2997 1810 3034 atque
1823 2996 1871 3025 ita
1884 2995 2085 3032 vertimus'',

271 3045 308 3074 V.
333 3045 372 3074 H.
397 3045 491 3075 Koch
512 3047 545 3075 in
564 3046 689 3076 Lexico
714 3047 873 3084 Ebelingi
897 3047 930 3076 11
958 3047 1025 3076 19⁸.
1051 3047 1177 3077 Eadem
1203 3050 1256 3077 est
1279 3049 1488 3085 ambiguitas
1513 3048 1753 3086 pronominum
1778 3047 1839 3082 die,
1863 3047 1928 3083 der,
1954 3047 2025 3078 that
2047 3046 2083 3077 in

269 3097 395 3134 linguis
418 3096 606 3128 hodiernis.
741 3109 769 3127 m
795 3099 942 3129 Belativi
966 3099 1180 3137 pronominis
1204 3101 1309 3138 stirps
1333 3101 1397 3129 fuit
1415 3111 1461 3137 Jo,
1486 3099 1747 3130 demonstrativi
1771 3111 1818 3136 σο,
1843 3099 1860 3137 5
1886 3101 1939 3130 96.
