2234 3443
218 178 237 214 1
246 176 267 215 7
276 176 300 214 8
821 180 875 207 ΒΕ
908 177 1228 208 DncmNATroNE
1260 177 1431 206 TERTIA.
1792 169 1830 214 [g
1864 169 1887 207 7
1898 169 1917 206 1
1927 191 1978 196 -
1987 169 2007 208 7
2015 169 2041 207 3

215 308 324 347 quas
357 296 533 346 praebet
565 297 716 334 textus
747 292 948 340 traditus,
982 291 1179 329 sincerae
1211 290 1378 328 formae
1406 289 1513 335 φάοσ
1542 292 1586 328 et
1610 290 1763 339 φάοσδε
1789 294 1894 330 sunt
1919 292 2042 331 resti-

212 365 435 405 tuendaea
466 366 510 402 et
541 362 678 401 salvis
710 359 907 399 numeris
939 359 1125 406 possunt
1155 357 1331 396 restitui
1345 354 1374 396 b.

333 506 481 546 Flexio
513 504 742 544 nominum
776 499 907 554 δρέοσ,
936 510 1034 549 gen.
1068 497 1217 551 dfs'soe,
1247 501 1292 539 et
1323 498 1460 549 σπέοσ,
1490 509 1587 548 gen.
1619 497 1775 549 σπέεοσ,
1801 500 1889 539 dat.
1922 498 2045 550 σπέεϊ,

211 576 320 624 plur.
365 571 544 611 σπεέεσσι
583 572 677 610 sive
724 567 872 617 σπέεσι,
910 568 954 606 in
997 567 1185 606 dictione
1223 567 1344 615 epica
1381 566 1490 605 nihil
1522 566 1690 605 insoliti
1722 567 1931 616 habebat;
1966 568 2042 607 sed

211 644 255 682 in
298 642 542 682 carminum
583 640 711 678 textu
746 636 908 676 tradito
940 635 1124 674 sinceris
1157 634 1339 683 genitivi
1371 637 1414 673 et
1445 634 1581 673 dativi
1613 634 1767 673 formis
1799 635 2045 674 substituta

212 712 314 749 sunt
347 709 455 748 haec
487 708 706 746 monstra:
737 703 889 753 ὁείουσ,
906 702 1085 752 σπείουσ,
1102 706 1211 751 σπῆϊ,
1226 700 1406 751 σπήεσσι,
1427 702 1568 740 σπεσσί
1577 708 1605 741 ⁶.
1623 701 1808 741 Formae
1826 703 2042 750 genuinae

211 777 381 817 cunctis
410 775 519 814 locis
551 773 737 822 possunt
766 765 985 810 restituid.

329 916 356 969 ὅ
390 917 458 959 72.
506 918 555 955 In
603 915 819 964 syllabam
866 926 935 952 -ασ
977 912 1224 952 desinentia
1264 912 1445 951 nomina
1485 913 1685 951 neutrius
1715 913 1886 960 generis
1917 913 2045 961 plura

211 986 363 1025 habuit
392 985 523 1024 dictio
556 983 679 1032 epica
710 992 842 1030 quam
870 990 981 1029 quae
1007 980 1265 1019 recentioris
1291 979 1371 1018 fuit
1398 980 1507 1018 aevi.
1526 979 1844 1018 Nonnullorum
1863 989 1999 1018 sonus
2016 994 2041 1017 α

210 1056 311 1093 ante
353 1051 526 1092 vocales
566 1051 611 1089 in
655 1064 671 1088 ε
714 1049 843 1089 abiit:
886 1046 1029 1098 κτέρασ
1043 1055 1071 1097 ⁶⁸,
1102 1047 1212 1096 plur.
1245 1045 1382 1096 κτέρεα
1395 1044 1426 1095 f,
1456 1052 1580 1096 κῶασ,
1609 1046 1719 1095 plur.
1752 1046 1869 1096 κώεα,
1901 1040 2044 1096 οὖδασ,

210 1132 305 1171 gen.
358 1119 545 1159 οὔδεοσθ.
588 1117 742 1158 Cetera
782 1118 908 1156 sunt:
954 1114 1078 1164 δέμασ
1090 1112 1124 1165 7³,
1156 1113 1296 1163 δέπασ,
1326 1112 1496 1163 κνέφασ,
1525 1112 1662 1165 σέβασ,
1692 1112 1823 1163 σέλασ,
1854 1111 2042 1164 σκέπασί,

209 1188 373 1237 σφέλασ,
413 1189 470 1236 et,
512 1196 622 1233 quae
660 1187 814 1234 postea
843 1185 888 1222 in
920 1192 1003 1222 usu
1038 1183 1398 1231 permanserunt:
1431 1178 1590 1232 ys'poeoy'‚
1619 1186 1761 1233 γῆρασ,
1789 1179 1910 1230 κέρασ
1942 1191 2038 1230 gen.

207 1254 351 1307 κέραοσ
365 1253 397 1304 7⁶,
426 1252 559 1303 κρέασ,
588 1253 698 1301 plur.
729 1250 826 1302 κρέα
850 1252 945 1290 Sive
975 1248 1098 1300 κρέαα
1111 1247 1135 1298 ἶ,
1166 1243 1267 1288 obas
1299 1259 1396 1297 gen.
1429 1246 1576 1288 οὔατοσ
1588 1258 1630 1297 m,
1659 1248 1786 1299 τέρασ.

327 1394 356 1451 ξ
389 1396 457 1438 73.
490 1397 634 1435 Etiam
668 1395 885 1435 adiectiva
915 1396 959 1434 et
990 1393 1171 1433 nomina
1202 1392 1374 1442 propria
1411 1414 1464 1421 —-
1497 1403 1609 1441 quae
1635 1392 1842 1442 primitus
1874 1393 1916 1431 et
1942 1392 2042 1441 ipsa

207 1466 423 1505 adiectiva
462 1464 640 1503 fuerunt
681 1485 732 1491 —-
776 1463 821 1501 in
856 1472 928 1511 -ησ
960 1460 1206 1500 desinentia
1238 1460 1332 1499 sine
1364 1460 1662 1499 contractione
1692 1460 1737 1498 in
1770 1459 2040 1499 carminibus

208 1534 344 1582 epicis
375 1532 676 1570 flectebantur.
716 1527 954 1578 Composita
983 1530 1108 1568 erant
1139 1529 1314 1566 tantum
1348 1537 1434 1566 non
1468 1527 1615 1566 omnia
1630 1535 1663 1566 π.

294 1713 312 1732 α
338 1703 495 1733 Correxit
528 1700 668 1739 Knight.
702 1699 742 1729 In
774 1699 860 1737 ipsis
886 1698 984 1731 codd.
1010 1700 1093 1738 φάοσ
1118 1698 1247 1735 legitur
1270 1708 1289 1728 σ
1314 1697 1377 1728 317
1401 1708 1417 1726 τ
1439 1698 1479 1727 34
1506 1699 1540 1727 et
1565 1698 1693 1736 passim
1719 1698 1810 1736 apud
1834 1696 2038 1735 Hesiodum,

206 1756 365 1794 Spitzner
390 1755 485 1785 Vers.
509 1755 589 1784 Her.
614 1754 667 1783 23.
811 1751 826 1781 b
854 1751 921 1782 Ubi
945 1751 1111 1780 traditum
1136 1753 1189 1780 est
1212 1752 1309 1789 φόωσ,
1336 1750 1470 1787 syllaba
1494 1751 1609 1780 finalis
1631 1749 1804 1789 positione
1827 1749 1859 1790 (τ
1884 1752 1924 1781 64
1949 1750 2035 1789 ictu)

206 1810 261 1839 est
285 1808 464 1847 produc-ta.
600 1815 616 1836 c
636 1806 720 1843 Pag.
745 1806 797 1835 67.
822 1806 887 1834 Pro
912 1806 1013 1833 Σπειώ
1038 1807 1061 1833 Σ
1085 1805 1127 1833 40
1152 1804 1219 1840 leg.
1244 1806 1348 1833 Σπεεώ
1368 1805 1426 1833 aut
1446 1806 1556 1838 Σπεῖώ,
1570 1803 1717 1834 Schulze
1731 1804 1868 1840 Quaest.
1881 1804 1945 1842 Ep.
1959 1805 2036 1834 403.

205 1859 341 1891 Similia
364 1859 449 1889 vitia
472 1861 553 1890 sunt
575 1860 655 1889 Hes.
681 1859 811 1896 Theog.
835 1859 897 1888 100
918 1857 1020 1895 Oper.
1041 1858 1105 1886 404
1125 1862 1239 1897 χρειῶν
1258 1858 1293 1886 et
1312 1860 1407 1891 κλεῖα,
1424 1856 1492 1893 leg.
1505 1856 1622 1897 χρεέων
1635 1858 1669 1886 et
1681 1857 1777 1886 κλέεα.
1911 1855 1956 1886 de
1972 1857 2035 1886 194

206 1914 238 1942 δὲ
263 1918 373 1943 anezan
394 1913 466 1942 sive
492 1913 522 1941 δ’
551 1914 584 1941 &a
608 1909 750 1951 (σ)πεῑοσ
774 1911 841 1948 leg.
867 1910 900 1939 δὲ
924 1910 1022 1939 σπὲοσ
1048 1910 1104 1943 εἴα,
1125 1909 1206 1939 Hes.
1221 1909 1350 1947 Theog.
1365 1909 1427 1939 297
1449 1909 1528 1947 σπηῒ
1545 1910 1586 1938 ἔνι
1602 1909 1669 1947 leg.
1684 1911 1715 1939 ἐν
1727 1908 2039 1939 σπέεϊ.Οοηιι·εοιαε

205 1967 333 1996 formas
360 1965 548 1995 defendere
574 1966 718 1994 conatus
746 1963 856 1993 Cauer
878 1962 999 2000 Odyss.
1024 1962 1136 1991 Praef.
1161 1962 1219 1991 XV
1241 1962 1302 1999 (cf.
1320 1962 1485 1991 Mnemos.
1511 1962 1610 2000 1889,
1636 1963 1712 1998 219,
1739 1963 1782 1999 3),
1805 1960 1885 1991 dein
1899 1964 2035 1992 senten-

204 2019 286 2048 tiam
319 2016 520 2048 retractavit
545 2018 658 2047 Praef.
682 2017 783 2046 Iliad.
809 2018 905 2052 1890,
930 2016 956 2045 V
982 2017 1015 2045 et
1038 2015 1128 2051 XIX,
1153 2014 1298 2045 vitiosas
1317 2017 1434 2044 tamen
1457 2015 1587 2045 formas
1612 2013 1717 2044 etiam
1736 2013 1772 2044 in
1796 2014 1914 2044 Iliadis
1937 2017 2036 2045 textu

203 2071 361 2108 reliquit;
382 2071 475 2108 quod
488 2071 613 2100 iniuria
627 2080 664 2100 se
678 2068 803 2100 fecisse
813 2067 988 2099 concessit
1001 2069 1245 2106 Grundfragen
1258 2069 1413 2104 1895,40,
1426 2068 1460 2097 in
1474 2068 1582 2097 altera
1595 2076 1677 2097 vero
1690 2066 1843 2097 editione
1859 2068 2036 2103 1909,79‚3

203 2122 326 2153 statuit
361 2133 399 2160 „e
433 2122 610 2161 lapidibus
646 2123 759 2152 afferri
794 2130 861 2151 non
895 2130 998 2160 posse
1030 2120 1228 2151 testimonia
1252 2121 1295 2150 ad
1321 2121 1410 2150 hanc
1434 2129 1507 2150 rem
1534 2120 1818 2151 conficiendam.''
1839 2118 2036 2150 Dicendum

205 2178 278 2206 erat
301 2177 428 2214 potius,
453 2176 495 2205 ad
520 2176 684 2205 mirificas
708 2176 787 2205 illas
812 2175 941 2204 formas
965 2174 1113 2204 tuendas
1138 2183 1156 2203 e
1180 2172 1357 2212 lapidibus
1379 2173 1465 2203 nihil
1478 2182 1581 2212 posse
1593 2173 1751 2211 proferri.
1887 2182 1903 2202 e
1925 2173 2034 2202 K216

204 2232 235 2260 Ω
260 2232 335 2261 235.
492 2229 515 2267 f
535 2229 554 2267 ξ
579 2227 686 2259 22210.
828 2238 850 2267 9
882 2228 1038 2257 Nominis
1061 2227 1155 2266 τέραα
1180 2227 1311 2256 vocalis
1338 2238 1357 2256 α
1381 2227 1415 2255 in
1441 2225 1588 2256 flexione
1609 2227 1746 2255 servata
1771 2227 1834 2261 est,
1859 2225 1920 2255 sed
1944 2237 1957 2255 ε
1980 2227 2035 2255 est

203 2285 294 2313 facta
327 2285 361 2312 in
396 2282 533 2312 nomine
573 2285 722 2321 Τερεσίησ
759 2282 830 2310 sive
861 2282 1108 2321 τερατοσκόπου,
1141 2279 1234 2317 quod
1258 2278 1293 2308 in
1312 2281 1410 2309 textu
1434 2279 1562 2308 tradito
1586 2279 1756 2317 scriptum
1780 2280 1833 2308 est
1860 2280 2034 2318 Τειρεσίησ,

204 2336 223 2374 ξ
256 2337 308 2366 21.
336 2335 386 2365 Ab
418 2335 487 2365 alia
518 2335 626 2373 stirpe
656 2334 761 2364 ducta
783 2336 836 2364 eet
858 2342 921 2363 vox
946 2337 1045 2374 τείρεα
1066 2335 1159 2363 astra
1181 2336 1204 2362 Σ
1228 2334 1292 2362 485
1316 2332 1350 2362 h.
1376 2332 1428 2369 7,7
1449 2331 1522 2361 Alc.
1546 2332 1588 2361 fr.
1615 2332 1689 2361 156.
1871 2330 1891 2360 k
1914 2331 1932 2369 ἓ
1955 2331 2032 2361 262.

339 2388 351 2418 i
372 2386 465 2417 Plur.
497 2388 598 2417 σκέπα
625 2387 704 2416 Hes.
730 2386 833 2424 Oper.
858 2387 933 2415 532.
1072 2385 1094 2424 j
1116 2386 1211 2415 Plur.
1234 2385 1309 2424 γέρα
1335 2387 1361 2414 Β
1386 2385 1450 2414 237
1476 2388 1494 2414 Ι
1515 2385 1580 2414 334
1607 2384 1624 2414 ὁ
1649 2385 1701 2414 66.
1836 2383 1857 2412 k
1881 2383 2029 2422 Compo-

204 2441 308 2470 situm
344 2440 454 2480 (βοῶν)
494 2435 732 2480 ὀρθοκραιράων
771 2441 797 2469 Θ
833 2439 894 2468 231
930 2438 986 2474 aL,
1014 2447 1032 2467 e
1054 2434 1293 2479 -κ(ε)ρα-ριᾶ’ων.
1428 2437 1441 2466 l
1463 2437 1537 2477 κρέα
1564 2439 1590 2467 Θ
1614 2437 1677 2466 231
1703 2448 1720 2473 γ
1745 2435 1787 2466 65
1813 2435 1868 2471 al„
1891 2433 2029 2476 κρέα“(α)

204 2495 231 2521 A
258 2493 321 2522 345
347 2495 378 2521 X
404 2493 467 2521 347
494 2504 511 2521 υ
532 2493 595 2521 348
622 2492 719 2531 (κρέιί
749 2491 896 2528 ἔδμεναι).
922 2491 1198 2528 Monosyllabum
1223 2490 1296 2530 κρέα
1320 2503 1329 2519 ι
1355 2490 1417 2519 347
1444 2492 1644 2528 corruptum
1669 2491 1733 2525 est,
1758 2489 1775 2526 ἓ
1796 2489 1825 2518 8.
1847 2487 2030 2518 Genitivus

203 2553 295 2591 plur.
314 2555 431 2593 κρεάων
452 2554 545 2582 extat
565 2552 598 2581 h.
619 2553 722 2582 Merc.
747 2552 821 2587 130,
843 2553 971 2581 ceteris
990 2551 1076 2581 locis
1096 2551 1182 2580 abiit
1202 2549 1235 2580 in
1257 2532 1374 2590 ἧειῶν,
1400 2559 1477 2588 pag.
1491 2550 1545 2586 67,
1566 2551 1642 2588 ipso
1662 2551 1773 2580 metro
1793 2561 1808 2579 ο
1827 2550 1891 2579 334
1911 2550 2030 2584 invito,

202 2614 281 2644 pag.
310 2606 353 2634 44
366 2604 399 2642 ὂς
431 2605 593 2634 vitiosum
627 2606 678 2633 est
711 2610 806 2644 κρρῶν
838 2616 853 2633 ο
879 2605 933 2633 98.
965 2604 1207 2634 Nominativus
1240 2608 1345 2643 κρεῖασ
1377 2601 1544 2632 tribuitur
1575 2601 1707 2632 Ananio
1730 2603 1770 2632 fr.
1799 2602 1881 2640 5(?);
1906 2600 2030 2632 Dorice

202 2660 324 2695 postea
347 2656 530 2687 dicebatur
554 2662 642 2696 κρῆσ,
665 2656 720 2686 Ar.
745 2656 828 2686 Ach.
854 2657 929 2686 795.
1155 2666 1184 2685 m
1211 2656 1334 2685 Postea
1359 2652 1424 2689 οὖσ,
1449 2657 1540 2688 ὠτόσ,
1565 2653 1630 2684 Pro
1654 2652 1694 2684 αὖ
1716 2655 1803 2693 παρὰ
1828 2651 1885 2684 οὖσ
1908 2656 1937 2684 Λ
1964 2655 2026 2684 109

202 2711 268 2748 leg.
300 2707 370 2739 αὖτ’
407 2707 494 2744 οὗασ,
525 2717 588 2747 pro
614 2709 700 2747 δουρὶ
724 2708 795 2748 παρ’
826 2705 881 2737 οὖσ
907 2712 936 2736 Υ
959 2709 1022 2738 473
1047 2708 1114 2746 leg.
1139 2708 1226 2748 δούρ’
1258 2705 1347 2741 οὖασ,
1370 2716 1432 2745 pro
1460 2708 1494 2736 ὃν
1519 2718 1593 2745 σφιν
1618 2707 1664 2736 ἐπ’
1690 2708 1764 2736 ὠσὶν
1783 2706 1894 2744 ἄλειφε
1917 2719 1938 2742 μ
1962 2707 2027 2736 200

202 2763 268 2799 leg.
293 2761 327 2792 ὧι
346 2773 420 2801 σφιν
445 2762 496 2791 ἐπ’
521 2761 604 2791 οὔατ’
630 2761 749 2797 ἄλειψε,
774 2769 836 2798 pro
861 2763 1000 2790 ὠτώεντα
1023 2761 1090 2798 leg.
1115 2762 1284 2790 οὐατόεντα
1308 2769 1386 2798 pag.
1413 2760 1474 2789 176
1488 2768 1513 2795 e,
1538 2768 1601 2798 pro
1621 2759 1769 2799 ἄμφω-τοι1
1791 2759 1860 2796 leg.
1877 2758 2026 2798 ἅμφουασ

202 2815 220 2852 ἕξ
257 2812 338 2844 83¹⁰.
375 2814 584 2844 Adverbium
610 2813 769 2852 ἀμφουδίσ
794 2825 810 2853 ρ
835 2813 898 2842 237
924 2813 1097 2850 quomodo
1122 2813 1168 2842 sit
1191 2812 1434 2850 corrigendum
1459 2821 1526 2841 non
1549 2812 1670 2850 liquet.
1691 2811 1792 2849 Apud
1816 2810 2026 2840 Simonidem

203 2868 242 2896 fr.
280 2867 333 2903 37,
360 2868 422 2896 245
449 2864 527 2896 οὖασ
552 2868 586 2895 et
606 2866 748 2895 οὐατόεισ
771 2866 905 2902 integra
929 2866 1009 2894 olim
1035 2865 1239 2903 legebantur
1262 2864 1463 2903 (Herodian.
1485 2874 1517 2894 π.
1542 2876 1611 2902 μον.
1635 2863 1693 2898 λέξ.
1716 2865 1756 2893 14
1780 2862 1909 2901 Dind.)‚
1933 2862 2025 2899 apud

201 2917 445 2948 Antimachum
472 2921 677 2959 καλαύροπασ
701 2917 895 2947 οὐατοέσσασ
920 2918 1041 2954 (schol.
1066 2922 1099 2947 Ψ
1117 2916 1207 2957 845).
1227 2918 1357 2948 Nomen
1379 2918 1555 2955 proprium
1580 2918 1740 2954 2-ο,,ι--ιιιτέησ
1761 2917 1855 2945 extat
1874 2915 1905 2943 in
1927 2923 2025 2950 urna,

202 2980 279 3009 pag.
306 2972 366 3000 131
382 2971 410 3007 f.
546 2982 566 3000 n
591 2971 669 3000 Sola
694 2972 781 3008 ὑγιήσ
809 2972 835 3000 Θ
860 2970 923 2999 524
948 2969 1094 3010 (spur.?)
1120 2973 1155 3000 et
1173 2971 1299 3011 φραὸήσ
1318 2971 1349 2999 ,Ω
1370 2970 1434 2999 354
1455 2967 1715 3008 (corrupt.)n0n
1729 2970 1810 2997 sunt
1822 2965 2023 3005 composita.

202 3023 382 3052 Genitivus
416 3023 546 3053 σπιδέοσ
581 3026 609 3052 Λ
646 3023 709 3052 754
745 3023 905 3052 adiectivi
941 3023 1080 3053 aliunde
1106 3024 1216 3060 ignoti
1244 3023 1272 3052 si
1302 3025 1396 3052 recte
1419 3022 1536 3057 habet,
1561 3031 1579 3051 a
1602 3021 1811 3051 nominativo
1834 3020 1949 3049 σπιδύσ
1973 3021 2026 3049 est

200 3076 421 3113 repetendus.
447 3075 510 3105 Pro
530 3076 671 3114 ἐλογχέεσ
696 3077 724 3105 A
751 3076 814 3104 242
839 3075 871 3104 ,Ω
897 3076 960 3104 239
986 3075 1052 3112 leg.
1077 3076 1204 3114 ἐλέγχεα
1230 3075 1307 3105 coll.
1324 3078 1350 3104 E
1374 3076 1450 3114 787,
1473 3083 1536 3113 pro
1558 3074 1711 3112 ψευδέσσι
1730 3076 1758 3102 Δ
1774 3073 1837 3103 235
1852 3073 2024 3102 recteha.

201 3128 365 3164 ψεύδεσσι,
388 3130 426 3157 ut
451 3131 485 3157 ‹t›
509 3129 572 3157 276
601 3131 634 3157 Ψ
655 3128 717 3157 576
745 3127 759 3161 ξ
786 3128 861 3158 387.
