2234 3443
254 177 335 216 108
1002 188 1056 215 DE:
1089 187 1307 216 consonis.
1831 178 1868 223 [ἓ
1901 177 1969 224 33,
2005 177 2061 215 34

486 364 531 402 Β.
566 364 634 402 De
668 364 931 402 consonis
979 364 1031 401 in
1080 374 1273 402 vocum
1300 364 1473 403 initio
1506 365 1829 405 mobilibus.

366 500 394 557 ξ
426 502 497 545 33.
540 504 741 549 Consona
779 504 940 543 initiali
981 505 1109 543 modo
1148 505 1367 553 carebant,
1401 504 1529 544 modo
1571 506 1808 545 utebantur
1850 504 2066 554 ἴα-μίαα,

249 566 470 621 αἶα-γαῖα
485 567 513 619 ⁶,
537 571 808 622 εἴβω-λείβω
822 579 852 621 ⁰,
880 571 1090 610 ὁεδουπώσ
1102 568 1443 622 (ι’-ἐγδούπησαν
1456 579 1483 621 θ,
1510 570 2071 624 ἐρίδουποσ-ἐρίγὸουποσί,

249 639 505 685 obv—{ova

367 706 425 744 De
472 707 591 746 sonis
631 722 661 758 f
704 709 746 746 et
787 718 808 743 σ
854 707 980 745 initio
1022 717 1177 746 vocum
1219 707 1529 746 nonnullarum
1571 708 1874 746 intermortuis
1915 708 2068 754 agetur

246 773 360 811 infra
373 770 404 812 ἂ.

366 841 484 880 Duas
531 850 747 879 consonas
794 842 837 879 in
870 841 1013 880 fronte
1045 840 1232 880 mobiles
1263 841 1456 880 habebat
1487 842 1623 890 stirps
1653 851 1811 880 vocum
1844 838 2068 890 ψάμαθοσῐ

245 908 338 946 Sive
369 904 801 957 woiptuw—c’inoefiooj,
831 903 1047 958 ἀμαθΰνω,
1078 905 1277 957 &uaedam
1292 906 1324 958 7⁶,
1354 908 1543 957 Ἀμάθεια
1559 905 1581 946 l.

363 976 457 1014 Non
499 985 737 1014 consonam
778 976 854 1014 sed
885 977 1063 1015 vocalem
1095 976 1303 1015 mobilem
1336 976 1552 1014 habebant
1584 974 2013 1026 ἀστεροπή-στεροπή
2028 982 2071 1022 m,

244 1039 657 1093 ἅσταχυσπ-στάχυσ
671 1050 702 1092 0,
733 1041 1105 1093 ὑποσταχύεσθαιρ.
1141 1043 1373 1083 Praeterea
1406 1044 1489 1083 huc
1520 1043 1688 1082 faciunt
1721 1053 1850 1082 voces
1882 1042 1934 1081 ab
1963 1039 2066 1094 (ἐχρ-

245 1110 503 1158 incipientes
517 1119 547 1150 q.

397 1299 439 1338 C.
473 1299 542 1337 De
586 1309 833 1338 consona
878 1314 897 1337 τ
929 1300 1015 1338 vel
1048 1303 1078 1337 θ
1107 1300 1159 1338 in
1193 1300 1398 1339 mediis
1431 1299 1667 1339 vocibus
1698 1299 1908 1339 mobili.

368 1435 395 1491 ἓ
427 1437 498 1480 34.
533 1440 697 1479 Sonum
729 1455 747 1477 τ
779 1440 848 1479 vel
881 1443 911 1477 θ
943 1441 985 1478 in
1017 1440 1164 1479 media
1195 1440 1332 1489 stirpe
1364 1440 1575 1479 mobilem
1607 1440 1830 1480 habebant
1860 1439 2073 1490 π(τ)όλισν,

334 1621 354 1640 ιι
378 1611 394 1648 5
419 1609 486 1640 91².
650 1611 666 1640 b
691 1608 743 1641 αἶα
767 1612 881 1642 locum
904 1621 971 1642 non
995 1611 1063 1642 nisi
1086 1613 1119 1641 in
1142 1621 1304 1642 versuum
1329 1613 1396 1642 fine
1421 1611 1583 1648 obtinuit,
1608 1611 1812 1650 praesertim
1838 1614 1872 1642 in
1896 1613 2069 1642 locutione

249 1663 403 1703 πατρίδοσ
438 1664 521 1700 αὶήσ.
557 1663 624 1692 Sed
659 1665 795 1705 πατρίδα
829 1670 930 1701 γαῖαν.
1112 1674 1128 1695 0
1161 1666 1233 1703 εἴρω
1263 1666 1298 1694 in
1323 1665 1417 1694 exitu
1439 1667 1574 1695 tantum
1598 1665 1788 1695 hexametri
1812 1673 1874 1694 nec
1899 1663 1967 1694 nisi
1990 1666 2069 1703 post

249 1715 384 1755 δάκρυον
407 1715 587 1753 reperitur,
614 1719 648 1745 Π
672 1717 709 1746 11
736 1717 796 1753 al.;
824 1717 884 1746 Sed
908 1718 1028 1756 δάκρυα
1051 1720 1160 1757 λείβων
1184 1721 1214 1746 Ν
1234 1719 1297 1747 658
1323 1718 1366 1746 al.
1560 1716 1582 1746 d
1604 1717 1620 1754 ἓ
1648 1718 1722 1747 157.
1923 1727 1939 1746 e
1961 1720 1990 1746 A
2014 1717 2068 1746 45.

247 1768 396 1797 Mettum
433 1776 499 1797 non
533 1767 648 1797 obstat
684 1770 867 1806 quominus
903 1772 937 1799 et
971 1771 1096 1800 ceteris
1130 1769 1227 1805 locis,
1253 1770 1381 1807 quibus
1410 1768 1468 1799 hic
1493 1770 1644 1800 aoristus
1668 1771 1855 1807 usurpatus
1880 1772 1942 1808 est,
1964 1778 2068 1799 sonus

247 1832 264 1857 γ
289 1821 388 1858 stirpi
407 1821 665 1858 praemittatur:
686 1821 857 1859 ’γδούπησε
880 1824 914 1851 et
936 1823 1112 1859 γδουπῆσαι
1136 1830 1198 1860 pro
1219 1822 1370 1860 ’δούπησε
1384 1824 1418 1852 et
1434 1822 1609 1860 δουπῆσαι;
1635 1822 1696 1852 sed
1716 1821 1944 1851 dehortantur
1964 1830 2069 1852 sonus

247 1872 361 1901 finalis
390 1875 468 1901 ante
498 1873 753 1903 substantivum
779 1874 899 1903 όοῦποσ
926 1883 994 1903 non
1018 1874 1210 1913 productus
1235 1878 1262 1903 A
1287 1875 1353 1904 455
1378 1878 1414 1903 Π
1435 1876 1498 1904 635
1523 1884 1546 1903 π
1573 1876 1612 1905 10
1639 1877 1674 1904 et
1696 1873 1860 1903 adiectivi
1884 1875 2069 1914 ἐρίγδουποσ

248 1925 357 1953 forma
389 1925 526 1953 brevior
559 1926 736 1965 ἐρίδουποσ.
773 1927 926 1964 Cognata
961 1929 1043 1957 sunt
1079 1929 1201 1957 κτύπου
1225 1929 1259 1956 et
1282 1927 1403 1957 κτυπέω
1427 1929 1442 1963 §¹
1469 1924 1572 1957 14975.
1752 1926 1775 1964 f
1793 1927 1936 1957 Brevior
1960 1928 2069 1957 forma

247 1986 384 2015 semper
408 1977 537 2007 claudit
559 1986 715 2014 versum3
742 1984 768 2008 Y
791 1980 831 2009 50
856 1988 918 2018 pro
938 1980 1038 2009 ἄλλοτ’
1065 1980 1110 2009 ἐπ’
1138 1981 1261 2009 ἀκτάων
1285 1980 1457 2020 ἐριδούπων
1483 1980 1603 2020 μακρὸν
1628 1978 1712 2008 ἀΰτει
1732 1977 1798 2016 leg.
1820 1978 1928 2008 ἄλλοτε
1947 1978 2066 2018 μακρὸν

248 2030 326 2059 ἀΰτέ
362 2030 408 2059 ἐπ’
439 2032 467 2059 ὰ.
500 2033 521 2060 ἒ.
673 2042 695 2070 9
726 2032 882 2069 Utraque
912 2033 1023 2062 forma
1047 2033 1151 2062 etiam
1176 2033 1209 2061 in
1234 2030 1436 2070 compositis
1461 2037 1514 2062 est
1537 2033 1716 2070 usurpata.
1741 2031 1780 2060 In
1804 2031 1931 2060 tradito
1956 2036 2070 2060 antem

248 2085 344 2112 textu
375 2083 427 2116 ξύν
457 2084 559 2113 scribi
590 2092 656 2113 non
680 2084 771 2114 solet
794 2085 860 2114 nisi
886 2083 929 2114 ils
953 2085 1038 2114 locis
1060 2085 1120 2114 ubi
1145 2093 1294 2114 consona
1319 2085 1446 2123 duplex
1471 2087 1580 2114 metro
1604 2082 1802 2113 necessaria
1826 2085 1896 2117 est;
1921 2085 1954 2112 in
1978 2091 2070 2113 com-

248 2136 371 2172 positis
402 2137 518 2165 tamen
549 2135 664 2165 littera
694 2136 709 2170 ξ
741 2138 843 2166 etiam
878 2145 946 2166 non
970 2137 1149 2174 flagitante
1176 2138 1288 2167 metro
1310 2136 1367 2167 hic
1392 2136 1464 2166 illic
1489 2140 1542 2166 est
1565 2137 1706 2174 scripta,
1730 2138 1765 2165 et
1789 2139 1925 2173 poetam
1950 2134 2070 2165 multis

249 2188 344 2224 locis,
379 2187 439 2217 ubi
472 2197 561 2218 nnnc
593 2189 720 2226 legitur
751 2190 863 2219 forma
897 2190 1051 2227 vulgaris
1083 2192 1149 2226 σύν,
1179 2189 1306 2219 dixisse
1338 2188 1390 2223 ξύν
1422 2192 1456 2218 et
1487 2188 1553 2223 ξυν-
1585 2188 1697 2226 quivis
1720 2189 1919 2226 suspicetur
1943 2188 2070 2218 collato

248 2240 417 2270 adiectivo
451 2239 543 2274 ξῦνόσ
578 2250 595 2271 e
630 2240 734 2275 ξυνιόσ
769 2243 840 2272 sive
875 2241 982 2280 ξυηόσ
1017 2244 1106 2272 nato.
1144 2243 1256 2272 Dubia
1292 2245 1407 2272 tamen
1443 2244 1496 2272 est
1532 2251 1587 2271 res
1622 2242 1804 2279 propterea
1829 2241 1921 2278 quod
1945 2243 2068 2279 postea

248 2292 393 2322 Athenis
423 2294 570 2331 amplior
596 2295 817 2331 potissimum
843 2297 953 2324 forma
978 2297 1031 2325 est
1053 2298 1232 2333 usurpata,
1256 2295 1487 2325 Meisterhans
1513 2294 1664 2325 Gramm.
1689 2293 1723 2323 d.
1743 2295 1803 2322 att.
1829 2292 1981 2323 Inschr.²
2009 2295 2069 2324 181

248 2350 318 2376 not.
356 2347 452 2382 1502,
485 2347 534 2375 ita
568 2349 606 2376 ut
639 2355 745 2376 sonus
780 2346 809 2381 ξ·
846 2357 864 2376 e
896 2346 1048 2377 dictione
1080 2348 1195 2377 Attica
1228 2346 1263 2377 in
1288 2346 1387 2385 epica
1412 2347 1563 2376 carmina
1588 2347 1740 2383 irrepere
1765 2345 1858 2375 haud
1883 2346 2071 2376 difficulter

250 2400 411 2436 potuerit.
546 2398 565 2428 lz
589 2399 607 2437 ἓ
634 2402 672 2428 41
699 2403 734 2429 et
757 2401 810 2430 45.
948 2400 961 2430 i
983 2403 1017 2430 A
1043 2402 1107 2430 486
1133 2401 1176 2430 al.
1314 2399 1336 2439 j
1359 2401 1401 2429 Η.
1424 2402 1486 2437 Ap.
1511 2401 1592 2434 439;
1619 2401 1645 2428 E
1667 2400 1730 2428 587
1757 2407 1818 2437 pro
1843 2400 1901 2439 γὰρ
1925 2400 2067 2435 ἀμάθοιο

249 2452 315 2489 leg.
351 2452 410 2491 γὰρ
444 2460 535 2487 wau„
570 2461 649 2481 num
681 2460 806 2482 vanum
838 2453 974 2483 videtur
1005 2454 1096 2491 quod
1121 2453 1339 2491 grammatici
1364 2454 1561 2482 statuerunt
1586 2451 1773 2482 discrimen
1797 2450 1888 2481 inter
1912 2454 2071 2489 ψάμαθον

247 2513 377 2533 arenam
400 2503 578 2533 littoralem
604 2508 637 2533 et
661 2504 791 2541 ἄμαθον
811 2506 983 2544 pulverem.
1119 2506 1138 2535 lc
1162 2508 1180 2544 ς
1206 2507 1259 2535 21.
1443 2504 1456 2534 l
1477 2509 1503 2534 Σ
1525 2506 1577 2535 48.
1735 2515 1763 2533 m
1789 2504 1944 2542 Amplior
1958 2506 2067 2533 forma

250 2557 411 2587 omnibus
444 2557 529 2586 locis
561 2559 676 2595 potest
707 2558 822 2593 scribi,
850 2559 1045 2588 Aristarcho
1068 2559 1161 2588 haud
1187 2558 1293 2588 invito
1316 2560 1344 2587 A
1372 2559 1446 2593 184,
1471 2559 1505 2587 et
1527 2557 1654 2593 legitur
1678 2555 1713 2586 in
1736 2557 1855 2587 multis
1881 2556 2069 2586 codicibus.

251 2609 386 2640 Firmus
416 2613 470 2640 est
500 2619 604 2640 sonus
628 2612 661 2640 ἀ-
686 2620 805 2640 vocum
833 2615 1058 2649 cognatarum
1084 2614 1312 2653 ἀστεροπητήσ,
1336 2613 1571 2651 Ἀστεροπαῖοσ,
1594 2612 1793 2651 ἀστράπτειν,
1817 2609 1878 2639 sed
1903 2608 2002 2639 abest
2024 2608 2066 2638 ab

250 2663 402 2701 epitheto
427 2662 567 2692 insolito
590 2664 835 2703 στεροπηγερέτα
860 2667 943 2693 Zeno
969 2668 1003 2694 Π
1024 2666 1100 2694 298.
1247 2674 1267 2693 n
1293 2667 1319 2693 B
1346 2665 1408 2693 148
1433 2663 1467 2693 h.
1493 2663 1566 2693 Cer.
1593 2664 1670 2698 455,
1694 2662 1770 2692 457.
1903 2670 1920 2691 0
1947 2661 2066 2691 Ψ598.

376 2726 401 2755 p
425 2728 442 2746 υ
467 2716 542 2748 212.
765 2726 782 2755 q
808 2715 827 2754 ξ
853 2718 905 2745 43.
1106 2727 1122 2746 r
1145 2716 1164 2754 ξ
1191 2717 1243 2746 ¹74.
1268 2717 1430 2746 Derivata
1455 2718 1536 2745 sunt
1560 2718 1749 2754 πτολίεθρον
1775 2716 1809 2744 et
1835 2716 2065 2753 πτολίπορθοσ.

250 2769 361 2798 Sonus
396 2779 412 2797 τ
447 2768 527 2797 huic
564 2769 663 2806 stirpi
699 2776 765 2797 non
798 2770 863 2797 init
886 2769 1047 2807 proprius
1072 2770 1244 2807 primitus,
1269 2767 1297 2798 si
1322 2777 1424 2798 voces
1447 2770 1539 2798 πόλισ
1564 2770 1598 2797 et
1615 2766 1757 2807 pbpulus
1781 2766 1965 2796 cohaerent
1989 2774 2067 2795 cnm

251 2819 420 2851 adiectivo
455 2824 555 2850 πολύυ
591 2820 723 2861 (naaion,
757 2824 876 2855 πλείων,
906 2821 994 2860 plus,
1028 2825 1150 2858 πλήθω,
1183 2821 1242 2860 al.)
1273 2824 1307 2851 et
1329 2830 1407 2851 cum
1432 2820 1537 2850 verbo
1561 2821 1722 2849 πέλ-σθαι.
1748 2818 1911 2848 Mobilem
1936 2818 1969 2846 in
1993 2826 2065 2847 car-

251 2873 401 2904 minibus
425 2875 533 2912 epicis
556 2883 678 2904 sonum
706 2885 721 2903 τ
746 2874 852 2904 fnisse
876 2877 1022 2903 constat.
1046 2873 1243 2904 Salaminiis
1267 2873 1402 2912 Cypriis
1427 2875 1538 2903 forma
1563 2870 1696 2902 auctior
1716 2873 1825 2900 πτόλισ
1845 2870 2010 2899 tribuitur
2033 2871 2066 2899 in

251 2927 357 2955 schol.
398 2929 431 2955 Ψ
454 2928 483 2962 1,
517 2929 551 2956 et
576 2928 669 2956 extat
689 2934 741 2966 po·
768 2928 810 2956 to·
840 2925 874 2955 li·
897 2935 930 2955 se
953 2927 1025 2956 sive
1049 2929 1160 2956 πτόλισ
1186 2926 1219 2956 in
1243 2927 1467 2965 inscriptione
1493 2926 1616 2964 Cypria
1641 2925 1694 2954 60.
1716 2924 1827 2953 Etiam
1853 2922 2001 2952 Arcades
2028 2931 2067 2952 ea

249 2979 343 3007 vocis
378 2979 487 3007 forma
519 2987 600 3008 usos
631 2979 733 3008 docet
762 2977 963 3013 Pausanias,
995 2978 1037 3008 de
1069 2979 1263 3009 Mantineae
1295 2979 1478 3008 ruderibus
1507 2978 1592 3007 haec
1622 2976 1778 3006 scribens
1800 2975 1881 3005 VIII
1913 2976 1952 3004 12
1985 2975 2002 3012 §
2028 2977 2064 3005 4:

250 3033 385 3060 καλεῖται
417 3030 450 3059 τὸ
475 3034 591 3070 χωρίον
615 3031 659 3069 ἐφ’
696 3033 778 3069 ἡμῶν
808 3033 924 3061 Πτόλισ
949 3033 982 3060 et
1006 3032 1022 3061 8
1048 3031 1064 3068 5
1092 3033 1126 3061 3:
1154 3032 1206 3069 τὴν
1230 3031 1328 3066 πόλιν,
1356 3031 1389 3069 ἣν
1416 3032 1610 3065 <Πτόλιν>
1640 3030 1824 3064 ὀνομάζουσι
1848 3028 1898 3057 ml
1925 3030 1957 3057 ἐσ
1983 3031 2065 3066 ἡμᾶσ

251 3085 292 3112 ὅτι
319 3085 347 3112 οἱ
372 3084 531 3122 Ἀρκάδεσ,
563 3086 596 3112 et
628 3084 860 3113 Thessalicam
892 3083 1079 3121 aliquando
1108 3084 1214 3113 fuisse
1239 3093 1357 3114 vocem
1385 3087 1492 3113 πτόλιν
1518 3084 1667 3112 testatur
1690 3081 1779 3120 lapis
1800 3089 1921 3110 recens
1945 3080 2065 3111 Thess.

253 3136 349 3169 1330,
374 3135 406 3164 in
434 3143 501 3171 qno
527 3144 674 3165 consona
699 3147 721 3165 n
745 3137 876 3166 vicinae
901 3147 917 3165 τ
942 3138 995 3166 est
1018 3137 1235 3168 assimulata:
1260 3139 1288 3166 ol
1308 3140 1487 3177 ττολίαρχοι
1511 3139 1545 3165 et
1567 3135 1894 3176 ἂρχιττολιαρχὲντοσ.
