2234 3443
168 176 192 221 ἕ
227 175 324 219 144]
696 183 750 210 nn
781 182 1142 211 CONFORMATIONE
1174 182 1454 212 PRAnanms.
1896 170 1980 209 277

167 299 338 337 auctior
362 298 504 337 forma
530 298 614 337 fuit
641 297 832 346 σκεπάζω,
859 299 902 336 et
930 295 1154 348 ἀγοράσμαι
1171 299 1326 346 postea
1345 319 1395 324 —
1416 296 1493 335 sed
1520 296 1655 334 etiam
1673 295 1716 333 vi
1738 296 1913 334 mutata
1931 317 1983 323 -

168 364 334 403 dictum
367 366 435 403 est
467 362 645 414 ἀγοράζω
659 373 689 402 a.

286 431 426 480 Stirps
467 431 665 471 biformis
706 433 750 471 in
791 447 836 468 -α
878 433 922 470 et
952 432 997 470 in
1038 447 1107 468 -αν
1148 431 1353 470 desinens
1395 432 1490 469 erat
1521 429 1666 468 verbis
1697 428 1859 478 κραδάω
1891 429 1985 468 sive

166 499 385 549 κραδαίνω,
424 496 574 547 ὑφάωό
615 500 709 539 sive
750 498 925 548 ὑφαίνω,
955 499 1078 545 φάωσ
1123 498 1218 537 sive
1260 497 1404 544 φαίνω.
1448 497 1616 536 Similis
1657 498 1752 535 erat
1793 496 1985 536 varietas

169 566 400 606 verborum
427 568 470 606 in
497 564 562 604 -ΐω
590 568 684 606 sive
709 564 815 615 -ΐνω,
838 561 916 604 -ΰω
945 567 1038 605 sive
1065 560 1165 604 -ὔνω
1193 565 1509 604 desinentium:
1539 559 1982 613 τέω-τίνω,ἀρτῢω-

168 628 339 683 ἄρτι-ἂνω,
369 634 555 673 aliorum
567 631 600 673 d.

286 701 427 750 Stirpe
458 702 501 740 in
533 701 603 739 -αδ
636 704 679 740 et
709 702 845 750 stirpe
876 701 919 739 in
951 716 1021 738 -αν
1053 700 1270 739 desinenti
1301 709 1431 738 usum
1473 702 1541 738 est
1573 699 1756 738 verbum
1788 699 1984 748 θαυμάζω

166 769 262 808 Sive
292 769 510 817 θαυμαίνω
523 776 549 806 e.

285 836 529 885 separatim
571 836 958 876 commemoranda
999 837 1102 875 sunt
1144 834 1277 874 verba
1317 833 1541 886 ἀγοράσμαι
1574 835 1668 873 sive
1699 832 1916 886 ἀγορεύωῐ
1941 835 1982 873 et

166 901 275 941 ὑλάω
307 904 400 943 Sive
432 902 617 942 ὑλακτέω.

255 1019 314 1058 Ut
343 1035 367 1057 α
399 1022 443 1059 et
473 1020 538 1070 αδ,
567 1020 632 1060 sic
663 1016 742 1071 ε(η)
775 1021 817 1058 et
846 1019 886 1057 ιδ
919 1019 1196 1059 alternabant
1227 1020 1270 1058 in
1302 1019 1448 1058 verbis
1479 1019 1785 1067 sequentibus:

283 1085 412 1137 αἰτέω,
441 1087 583 1134 αἰτίζω.
1134 1084 1277 1135 κομέω,
1307 1086 1465 1135 κομίζω.

284 1153 416 1203 αἰνέω,
446 1155 656 1204 αἰνίξομαι.
1133 1151 1259 1192 &naim
1275 1151 1299 1203 ἱ,
1331 1151 1485 1200 (iniiga).

283 1219 395 1270 ἆτέω,
426 1220 552 1269 ἀτίζω.
1133 1220 1269 1272 χατέω,
1299 1221 1452 1271 χαιίζω.

282 1288 596 1340 προκαλέομαιθ,
624 1290 798 1339 -λίζομαι
812 1287 842 1327 7¹.
1139 1288 1349 1339 στοναχέω,
1379 1286 1533 1339 -χίζω.7’.

282 1356 470 1396 Dubium
498 1359 564 1397 est
596 1355 714 1408 ὀχλὲω
728 1355 984 1408 ὶ-ὀχλίζωῖ,
1015 1357 1089 1397 sed
1123 1367 1178 1395 ex
1211 1357 1398 1396 Hesiodo
1431 1358 1598 1396 accedit
1629 1354 1858 1405 igevnps'mm
1892 1355 1985 1393 sive

164 1421 383 1471 ἐξεναρίζω.
430 1424 573 1464 Etiam
623 1425 804 1464 verbum
851 1423 1058 1473 ἕτα(ι)ρίζω
1073 1433 1105 1471 ⁷1,
1145 1425 1258 1472 quod
1301 1423 1460 1472 ἕταιρέω
1501 1424 1585 1462 fuit
1626 1424 1739 1472 apud
1772 1425 1985 1471 posteros,

164 1490 234 1528 hic
265 1492 333 1529 est
364 1490 647 1540 afferendum,
681 1501 760 1530 nec
791 1502 878 1531 non
911 1492 1108 1531 eiusdem
1143 1491 1506 1530 conformationis
1538 1493 1664 1530 sunt:

281 1555 465 1608 ἀκαχίζω,
495 1556 696 1609 ἀκαχήσω,
727 1559 824 1598 al.0.
1127 1560 1340 1608 κοναβίζω,
1371 1557 1609 1608 ἐκονάβησα.

281 1626 490 1675 καναχίζω,
520 1624 756 1676 ἕκανάχησα.
1135 1626 1325 1676 μοχθίζω,
1356 1626 1558 1675 μοχθήσω.

287 1691 508 1732 Gausativa
552 1696 646 1733 erat
692 1694 758 1732 vis
805 1694 1039 1733 verborum
1087 1694 1272 1740 δειπνίζω
1321 1705 1467 1733 cenam
1507 1693 1686 1742 praebeo
1731 1695 1775 1733 et
1821 1692 1985 1745 fomite)

163 1758 352 1798 habitare
377 1760 532 1809 facim,
573 1770 598 1799 a
630 1761 776 1799 verbis
809 1760 977 1799 δειπνέω
1009 1771 1106 1800 ceno
1137 1765 1179 1800 et
1209 1760 1357 1813 fonne'm
1389 1761 1526 1800 habito
1557 1762 1620 1800 sic
1652 1761 1985 1806 distinctorum;

164 1827 208 1864 et
247 1829 347 1875 post
386 1826 628 1866 Homerum
672 1828 814 1867 multa
853 1829 988 1867 verba
1027 1829 1071 1867 in
1113 1827 1183 1867 -έω
1225 1831 1269 1867 et
1309 1829 1351 1867 in
1397 1829 1479 1875 -ίζω
1511 1829 1755 1868 desinentia
1787 1828 1849 1867 sic
1882 1829 1986 1866 sunt

163 1894 376 1934 seiuncta.
419 1895 500 1934 Sed
543 1895 658 1934 haud
702 1899 925 1935 vetustum
968 1897 1106 1936 fuisse
1147 1897 1228 1936 hoc
1268 1896 1505 1936 discrimen
1544 1897 1699 1935 docent
1730 1895 1825 1942 ἵζειν
1856 1894 1984 1933 modo

163 1961 387 2000 collocareq
422 1963 552 2001 modo
593 1963 828 2001 consideret
860 1962 1128 2012 significans,
1167 1963 1329 2010 οἰκίζειν
1371 1974 1456 2002 non
1494 1964 1637 2002 solum
1670 1964 1712 2002 id
1744 1963 1856 2012 quod
1889 1962 1985 2001 colo-

162 2029 282 2068 niam
313 2030 484 2069 condere
513 2030 589 2069 sed
619 2033 662 2069 et
693 2031 828 2069 locum
860 2041 1003 2079 capere
1034 2031 1186 2070 valens
1218 2032 1329 2079 apud
1363 2033 1563 2079 posteros
1577 2038 1605 2080 ³,
1639 2031 1738 2070 alia.

281 2155 425 2195 Etiam
470 2155 539 2195 -έω
586 2159 630 2196 et
669 2157 769 2196 -εύω
811 2168 1142 2206 nonnumquam
1195 2158 1491 2197 alternarunt:
1540 2156 1639 2207 ἀχέω
1684 2158 1779 2196 sive
1819 2155 1986 2206 ἀχεύωΐ,

164 2220 281 2260 δῑνέω
327 2224 421 2262 Sive
467 2224 626 2274 δῑνεύω,
670 2225 961 2276 ποντοπορέωῑι
1003 2227 1098 2265 sive
1143 2226 1440 2275 ποντοπορεύω.
1488 2227 1557 2265 Sic
1603 2225 1723 2264 verbi
1774 2226 1818 2263 in
1866 2224 1986 2273 epica

164 2289 352 2329 dictione
393 2292 481 2330 rari
521 2290 673 2342 ζητέωῡ
706 2293 848 2332 forma
888 2294 1076 2342 gemella
1117 2294 1198 2332 fuit
1241 2293 1388 2343 ζητεύω
1403 2302 1442 2342 10,
1473 2293 1654 2333 verbum
1687 2293 1800 2341 quod
1832 2294 1985 2341 postea

253 2413 273 2432 a
296 2404 368 2434 Ioci
390 2404 561 2434 mordacis
584 2407 764 2436 materiem
790 2407 870 2436 hinc
895 2407 993 2437 duxit
1017 2406 1171 2438 comicus
1194 2408 1282 2438 Nub.
1309 2409 1408 2438 1057.
1561 2408 1576 2438 b
1603 2420 1619 2446 η
1646 2409 1721 2438 105.
1870 2416 1886 2436 c
1909 2406 1982 2436 Non

166 2454 235 2485 nisi
254 2456 327 2495 ’φάε
349 2456 364 2490 ξ
386 2458 462 2492 502,
488 2456 503 2495 ξ
529 2458 604 2488 280.
630 2458 761 2488 Similis
786 2458 853 2489 fuit
877 2460 1032 2490 adverbii
1057 2461 1203 2499 ἀμφαδόν
1226 2459 1299 2490 sive
1323 2461 1504 2500 ἀναφανδόν
1527 2458 1688 2490 varietas.
1823 2458 1846 2489 d
1866 2458 1882 2498 ξ
1910 2459 1984 2488 162.

298 2518 315 2538 e
338 2513 362 2539 θ
389 2511 451 2540 108
474 2510 508 2540 h.
532 2510 614 2540 ven.
640 2512 693 2551 84,
719 2510 734 2550 §
761 2513 834 2542 249.
975 2512 1005 2552 s
1027 2512 1042 2551 §
1068 2511 1157 2543 306¹.
1305 2523 1327 2553 q
1353 2514 1453 2544 Solus
1477 2514 1626 2543 aot-istus
1651 2513 1905 2553 (προκαλέσσατο
1928 2511 1984 2544 al.)

165 2560 260 2599 apud
282 2562 470 2592 Homerum
493 2566 599 2600 extat,
620 2564 681 2593 sed
705 2565 855 2603 simplex
878 2566 976 2595 καλέω
999 2566 1141 2604 passim.
1321 2565 1341 2595 Ιι
1365 2569 1396 2595 Γ
1416 2568 1455 2596 19
1481 2567 1523 2596 al.
1710 2565 1723 2595 i
1747 2567 1762 2600 ζ
1785 2566 1838 2600 73,
1863 2567 1898 2594 et
1921 2572 1982 2601 pro

166 2614 322 2643 ὅπλεσθαι
347 2617 376 2643 Τ
396 2615 457 2644 172
486 2618 517 2644 Ψ
541 2617 604 2645 159
629 2617 696 2654 leg.
721 2618 899 2648 ὁπλεῖσθαι.
1119 2618 1142 2657 j
1164 2618 1192 2647 A
1215 2618 1313 2649 verbi
1337 2620 1432 2648 στένω
1457 2620 1528 2648 sive
1553 2621 1695 2657 αιειάχω
1719 2618 1828 2647 subst.
1852 2616 1986 2646 verbali

165 2667 278 2695 στόνου
298 2665 372 2695 sive
394 2670 543 2705 στοναχὴ.
563 2668 601 2698 L.
626 2678 655 2698 a.
675 2671 832 2708 στεταχέω
852 2673 887 2699 et
906 2672 1088 2709 στεναχίζω,
1107 2671 1156 2701 La
1176 2669 1292 2701 Roche
1313 2670 1507 2701 Textkritik
1523 2672 1711 2701 351—354.
1725 2669 1982 2708 Exemplarium

165 2716 480 2756 manuscriptorum
510 2719 546 2749 in
571 2720 634 2750 hac
657 2721 861 2759 quaestione
886 2723 980 2752 nulla
1005 2725 1058 2752 est
1080 2723 1183 2761 fides3
1209 2732 1298 2761 quae
1323 2723 1353 2753 si
1377 2725 1456 2761 quis
1478 2724 1563 2754 velit
1585 2722 1697 2762 sequi,
1721 2732 1771 2752 ex.
1796 2731 1847 2759 gr.
1870 2725 1897 2751 Σ
1919 2721 1983 2750 124

163 2770 385 2800 scribendum
409 2772 475 2801 erit
497 2778 703 2811 στοιαχῆσαι,
722 2774 753 2803 Ω
774 2775 814 2804 ’19
836 2784 916 2805 vero
936 2777 1174 2814 ἐπεστενάχησε.
1194 2776 1317 2814 Itaque
1336 2785 1462 2815 operae
1482 2778 1537 2806 vix
1556 2779 1609 2806 est
1628 2774 1779 2814 pretium
1799 2777 1983 2804 annotasse

166 2825 193 2852 B
207 2823 269 2853 ‘181
291 2824 325 2852 in
345 2824 477 2862 optimo
498 2825 729 2864 ὑπεστονάχιζε,
742 2825 777 2856 in
791 2829 1019 2858 recentiorum
1033 2836 1112 2858 vero
1126 2829 1301 2867 plerisque
1314 2840 1413 2858 -onv-
1427 2838 1502 2859 esse
1515 2830 1695 2867 seriptum.
1831 2827 1851 2856 k
1864 2827 1981 2857 Solum

166 2877 329 2913 ὀχλεῦνται
353 2878 388 2906 Φ
411 2877 485 2906 261.
756 2879 769 2908 l
792 2880 873 2909 Sola
898 2882 1061 2918 ὀχλίσσειε,
1086 2893 1139 2910 -αν
1164 2884 1205 2911 Μ
1229 2883 1292 2912 448
1320 2895 1329 2912 ι
1357 2883 1420 2911 242
1447 2889 1475 2918 ψ
1501 2883 1577 2918 188,
1599 2881 1722 2910 melius
1746 2882 1898 2919 όχλὴσειε,
1920 2891 1984 2909 -αν,

299 2938 327 2958 m
351 2929 431 2958 Hes.
455 2927 542 2967 Clip.
566 2930 642 2960 329.
798 2942 818 2961 n
844 2936 875 2961 N
896 2933 960 2962 456
985 2934 1016 2962 Ω
1039 2935 1102 2963 335
1126 2934 1160 2963 h.
1185 2935 1267 2965 Ven.
1292 2935 1345 2964 96.
1499 2943 1517 2964 o
1542 2933 1558 2972 §
1583 2934 1658 2963 240.
1809 2943 1834 2973 p
1858 2944 1881 2970 μ
1906 2932 1980 2962 135.

299 2991 317 3021 q
342 2984 369 3010 Β
393 2982 434 3010 53
459 2981 501 3010 al.
645 2993 662 3011 r
686 2985 715 3012 Β
739 2984 780 3014 96
805 2985 862 3014 Ar.
890 2985 973 3014 Ach.
1000 2987 1062 3015 123
1089 2987 1132 3016 al.
1266 2996 1282 3016 s
1304 2988 1360 3016 Ar.
1385 2986 1445 3016 Av.
1475 2988 1536 3016 149
1562 2985 1721 3015 Menand.
1746 2986 1891 3015 Monost.
1916 2985 1979 3015 572

166 3032 293 3062 Herod.
315 3032 505 3063 Mimiamb.
530 3034 583 3063 ΠΙ
608 3035 647 3064 12
673 3035 714 3065 al.
858 3039 871 3066 t
897 3036 913 3076 ξ
937 3038 1012 3068 240.
1152 3049 1173 3069 u
1197 3042 1212 3068 λ
1239 3040 1289 3069 12.
1432 3048 1448 3067 v
1472 3040 1508 3070 Ξ
1528 3038 1591 3068 258
1616 3037 1980 3077 (ζήιεε,νΗθΠνθι·ᾱθη

167 3084 274 3120 δίζετο,
303 3088 342 3115 ut
369 3086 466 3116 Bion.
498 3086 562 3116 VII
594 3087 611 3116 2
643 3088 775 3118 Mosch.
804 3089 840 3119 II
872 3091 925 3126 28,
956 3090 1016 3119 sed
1047 3090 1139 3129 apud
1163 3091 1350 3121 Homerum
1375 3092 1579 3129 expectatur
1595 3091 1727 3129 ’δίζητῂ
1751 3091 1783 3121 h.
1808 3091 1913 3121 Merc-
1939 3090 1980 3120 22

167 3137 286 3174 (ζήτει).
307 3137 400 3168 Alibi
422 3138 565 3168 verbum
588 3143 772 3178 cognatum
797 3142 919 3180 δίζημαι
944 3140 960 3180 ξ
981 3143 1057 3172 200.
1190 3153 1216 3173 w
1240 3144 1281 3173 H.
1302 3142 1364 3181 Ap.
1388 3144 1450 3172 215
1471 3144 1574 3173 Mero.
1596 3145 1660 3173 392
1680 3144 1761 3174 Hes.
1781 3144 1884 3182 Oper.
1905 3144 1980 3173 400.
