2234 3443
901 188 1161 217 PRAEFA'rro.
1892 180 1942 218 19

121 305 246 344 nicus
287 314 373 343 non
416 303 646 353 perhibuit,
690 303 798 342 certi
839 304 989 341 autem
1030 302 1194 350 aliquid
1237 311 1339 340 eum
1381 302 1462 340 hac
1503 301 1555 340 de
1592 312 1637 341 re
1671 304 1945 351 compertum

122 372 329 411 habuisse
360 371 544 410 minime
576 371 764 409 constat.

242 438 453 488 Quicquid
484 437 526 476 id
559 439 639 486 est,
673 437 818 484 aliqua
849 438 967 476 certe
997 436 1150 474 Iliadis
1182 435 1457 484 exemplaria
1481 435 1538 472 V0
1559 436 1732 475 saeculo
1760 441 1949 477 exeunte

123 506 192 546 vel
224 506 404 545 ineunte
436 504 528 552 1V0,
560 504 631 543 diu
666 505 802 552 igitur
834 505 935 542 ante
962 503 1172 542 Zenodoti
1199 504 1408 550 aetatem,
1435 502 1686 541 litteratura
1711 505 1952 543 recentiore

124 575 228 613 sunt
268 574 474 619 exarata;
518 581 620 610 nam
663 572 705 610 in
749 571 1007 619 exemplari,
1051 580 1134 618 quo
1166 570 1461 608 Antimachus
1493 573 1623 618 poeta
1656 570 1951 620 Colophonius

122 651 231 680 usus
272 642 354 689 est,
386 640 599 688 scriptum
646 640 742 677 erat
774 638 1154 686 ΜΑΧΗΣΟΜΑΙ,
1183 647 1285 686 non,
1320 638 1769 687 ΜΑΧΕΣΣΟΜΑΙα,
1803 639 1950 678 Attice

121 710 270 748 autem
297 710 533 754 utrumque
559 704 890 754 significabatur
917 705 1081 743 litteris
1110 704 1482 742 ΜΑΧΕΣΟΜΑΙ.
1511 705 1631 744 Idem
1661 706 1828 745 dictum
1856 708 1950 745 esto

122 776 175 815 de
210 774 330 823 Chio,
370 774 650 822 Massiliensi,
686 772 902 821 Sinopico‚
937 772 1102 820 Argivo
1134 771 1259 810 libris
1292 770 1524 811 vetustisb.
1563 772 1707 811 Etiam
1740 773 1951 812 lectiones

125 841 256 894 ἠΰτεῦ,
281 839 488 892 εἱρχθέντα
500 838 534 891 d,
560 838 770 891 ὠινοχόειε
797 840 848 879 ab
877 839 1175 878 Aristarcheis
1204 849 1225 877 e
1253 839 1411 887 priscis
1437 839 1764 888 exemplaribus
1792 840 1953 880 allatae

123 912 168 950 et
212 908 474 948 lectionibus
515 901 615 950 εὖτε,
654 905 860 957 ἓρχθέντα,
901 905 1071 956 οἰνοχόει
1118 907 1344 955 oppositae
1385 908 1609 946 testantur
1651 918 1702 946 ea
1741 918 1852 956 quae
1889 908 1954 947 illi

125 977 333 1016 dixerunt
375 975 645 1025 exemplaria
681 976 822 1024 signis
854 974 1175 1014 recentioribus
1206 974 1343 1013 fuisse
1376 977 1579 1022 exarata;
1611 985 1715 1014 narn
1749 986 1805 1014 ex
1836 976 1954 1015 volu-

124 1043 318 1083 minibus
356 1042 609 1082 litteratura
652 1044 802 1082 Attica
843 1041 1101 1091 perscriptis
1143 1042 1213 1080 his
1255 1042 1307 1080 de
1348 1041 1478 1080 rebus
1518 1042 1626 1081 disci
1657 1043 1766 1082 nihil
1798 1044 1954 1092 potuit,

115 1111 227 1161 ⁴quia
256 1111 478 1149 utrumvis
507 1111 551 1149 in
585 1111 654 1149 his
685 1109 819 1149 flebat
852 1109 1014 1156 ΕΥΤΕ,
1045 1108 1409 1157 ΗΕΡΧΘΕΝΤΑ,
1441 1109 1731 1147 ΟΙΝΟΧΟΕΙ.

245 1178 448 1218 ceterum
496 1179 632 1217 etiam
679 1178 794 1216 inter
840 1176 995 1215 Ionum
1041 1175 1260 1215 scribendi
1307 1176 1524 1214 rationem
1572 1177 1867 1224 antiquiorem
1915 1179 1959 1216 et

125 1246 412 1286 recentiorem
460 1246 598 1295 illam,
647 1255 778 1293 quam
822 1245 1118 1283 Athenienses
1163 1245 1423 1291 ceteraeque
1471 1245 1626 1292 gentes
1668 1244 1860 1284 Graecae
1899 1255 1954 1284 ex

125 1315 250 1354 Ionia
290 1314 526 1362 duxerunt,
568 1323 655 1352 non
697 1312 808 1350 nihil
840 1312 923 1350 fuit
955 1311 1239 1350 discriminis.
1272 1310 1383 1349 Nam
1417 1310 1522 1349 olim
1555 1313 1596 1348 H
1627 1311 1670 1350 in
1702 1312 1957 1351 litteratura

127 1381 277 1421 Ionica
315 1391 401 1420 non
434 1381 519 1420 nisi
561 1380 658 1419 soni
698 1390 725 1417 a
763 1379 826 1418 ita
867 1381 917 1417 ut
957 1378 1048 1417 illic
1089 1377 1184 1416 fieri
1217 1377 1387 1416 solebat
1419 1377 1578 1426 prolati
1610 1378 1691 1417 fuit
1724 1376 1956 1427 signumf;

127 1448 277 1488 littera.
307 1448 349 1486 Ω
381 1452 531 1487 autem
565 1449 609 1486 et
640 1447 729 1485 illic
761 1448 867 1485 tunc
897 1446 1048 1494 ignota
1079 1448 1185 1494 erat,
1220 1445 1650 1494 pseudodiphthongi
1681 1446 1821 1493 signis
1846 1447 1890 1483 Ἐ
1917 1448 1960 1485 et

129 1517 164 1556 Ο
187 1516 536 1563 indicabantury,
565 1524 784 1554 consonae
811 1524 896 1552 non
924 1513 1260 1562 duplicabantur
1273 1509 1305 1556 ἢ,
1328 1534 1378 1539 —
1398 1512 1576 1561 perinde
1602 1515 1733 1561 atque
1756 1513 1957 1553 Athenis,

127 1583 281 1632 Itaque
313 1583 351 1622 si
381 1583 480 1631 quis
510 1582 655 1621 nullos
686 1591 883 1630 unquam
916 1581 1096 1620 Homeri
1131 1580 1267 1618 libros
1299 1580 1460 1618 litteris
1493 1581 1653 1619 Atticis
1685 1582 1959 1630 conscriptos

126 1661 225 1690 esse
256 1660 515 1700 persuasum
549 1650 711 1689 habeat
725 1647 748 1698 i,
784 1659 837 1688 ne
863 1650 926 1688 sic
952 1649 1130 1697 quidem
1159 1648 1198 1686 ei
1231 1647 1463 1686 concidant
1489 1656 1600 1696 quae
1628 1646 1680 1685 de
1713 1647 1959 1686 carminum

127 1719 351 1768 epicorum
406 1718 746 1766 transcriptione
801 1717 1024 1756 uberrimo
1073 1716 1283 1754 vitiorum
1331 1715 1452 1754 fonte
1501 1715 1737 1754 observata
1784 1716 1889 1755 sunt
1934 1724 1959 1753 a

128 1786 436 1836 grammaticis
476 1786 634 1835 priscis
675 1787 806 1833 atque
843 1781 1198 1823 recentioribusj.
1232 1783 1344 1822 Fieri
1377 1785 1527 1822 autem
1562 1791 1648 1821 non
1681 1782 1823 1830 potuit
1854 1782 1957 1830 quin

126 1854 273 1904 prisca
304 1853 522 1893 scribendi
552 1853 663 1892 ratio
694 1852 986 1901 plurimorum
1019 1860 1216 1890 errorum
1244 1860 1377 1889 causa
1405 1851 1618 1888 existeret
1645 1850 1687 1887 in
1715 1851 1843 1888 textu
1869 1859 1957 1888 car-

127 1922 299 1960 minum
325 1920 507 1959 insolita
523 1920 656 1959 verba
682 1919 972 1966 insolitasque
990 1918 1226 1957 verborum
1253 1916 1416 1965 figuras
1443 1917 1703 1955 habentium
1731 1916 1958 1965 plurimas.

127 1989 183 2028 Et
212 1989 305 2038 ipse
345 1990 498 2027 textus
530 1989 644 2026 hanc
671 1997 765 2026 rem
793 1988 885 2025 tam
913 1985 1161 2024 luculenter
1188 1981 1499 2023 demonstratk
1527 1986 1575 2023 ut
1601 1983 1957 2023 testimoniorum

127 2055 303 2095 aliunde
335 2055 571 2094 allatorum
603 2055 679 2093 vix
711 2053 801 2092 ulla
832 2053 972 2102 possit
1004 2062 1103 2092 esse
1136 2051 1318 2091 utilitas.

247 2189 558 2229 Grammaticis
590 2188 903 2227 Alexandrinis
935 2186 1206 2235 exemplaria
1234 2185 1461 2234 complura
1488 2185 1638 2224 lliadis
1666 2186 1796 2233 atque
1824 2184 1957 2233 Odys-

130 2267 231 2296 seae
286 2257 331 2295 in
377 2256 657 2295 bibliothecis
708 2258 882 2305 praesto
932 2255 1107 2294 fuerunt
1155 2254 1413 2302 vulgaribus
1463 2253 1708 2292 vetustiora
1755 2254 1797 2291 et
1843 2261 1961 2301 prae·

132 2324 361 2363 stantiora.
407 2323 487 2363 His
528 2323 857 2373 exemplaribus
899 2323 1142 2368 Zenodotus,
1176 2331 1306 2369 quem
1339 2320 1622 2360 Ptolemaeus
1654 2319 1965 2367 Philadelphus

129 2391 420 2431 bibliothecae
437 2402 574 2441 nuper
591 2392 793 2430 conditae
811 2390 1034 2439 praefecit,
1054 2390 1151 2428 dein
1171 2389 1384 2428 Zenodoti
1401 2386 1644 2436 discipulus
1666 2386 1965 2435 Aristophanes

132 2459 375 2507 Byzantius
408 2461 451 2498 et
477 2459 610 2498 huius
637 2458 878 2507 discipulus
906 2457 1178 2496 Aristarchus
1205 2456 1274 2495 usi
1301 2458 1406 2494 sunt
1432 2455 1483 2493 ad
1510 2456 1686 2493 textum
1716 2453 1961 2493 carminum

133 2525 458 2565 emendandum
474 2522 498 2565 l.
541 2525 675 2565 Nobis
718 2535 822 2564 vero
864 2525 915 2564 de
948 2524 1138 2563 vetustis
1167 2523 1258 2562 illis
1290 2522 1591 2562 voluminibus
1623 2521 1698 2560 vix
1731 2522 1961 2569 quicquam

223 2675 243 2695 a
266 2665 310 2695 Et
342 2666 468 2695 mirum
500 2664 661 2702 profecto
693 2672 763 2693 non
792 2665 856 2699 est,
886 2662 1007 2691 Ionica
1035 2661 1234 2691 litteratura
1264 2668 1366 2690 usum
1399 2667 1476 2689 esse
1505 2660 1597 2689 hunc
1628 2662 1766 2697 poetam
1788 2658 1964 2687 Ionicum!

135 2717 282 2748 Videtur
311 2721 429 2748 autem
463 2719 478 2755 ἡ
507 2718 728 2754 Άντιμάχειοσ
758 2719 872 2756 βίβλοσ
904 2716 1014 2744 fuisse
1044 2713 1222 2752 exemplar
1246 2713 1290 2743 ab
1314 2712 1520 2743 Antimacho
1542 2720 1605 2741 sua
1629 2719 1734 2741 manu
1757 2712 1965 2740 correctum.

271 2770 287 2800 b
311 2771 426 2801 Schol.
451 2771 485 2799 A
510 2770 574 2799 298
603 2771 632 2798 Τ
654 2769 730 2799 117.
886 2777 902 2798 c
923 2767 1037 2800 Schol.
1066 2769 1093 2796 Γ
1114 2768 1166 2797 10.
1334 2764 1357 2795 d
1379 2765 1493 2795 schol.
1519 2766 1555 2794 Φ
1579 2765 1655 2794 282.
1811 2772 1827 2792 e
1850 2762 1965 2792 Schol.

137 2824 173 2853 A
197 2824 273 2854 598.
424 2820 487 2863 f§
512 2823 543 2851 6.
695 2831 717 2861 q
739 2821 800 2851 Ex.
825 2829 875 2858 gr.
903 2823 929 2850 Β
955 2821 1031 2850 239.
1191 2818 1212 2848 h
1235 2819 1296 2848 Ex.
1321 2827 1371 2854 gr.
1396 2819 1430 2847 A
1456 2818 1532 2847 609.
1684 2815 1696 2845 i
1719 2815 1967 2846 vwilamowitz

136 2874 236 2904 Hom.
266 2873 404 2904 Untsrs.
429 2874 493 2903 286
517 2881 594 2911 sqq.
744 2872 765 2911 j
788 2873 900 2903 B.Her
923 2881 978 2910 og,
1010 2872 1065 2901 die
1097 2871 1288 2902 Umschrift
1321 2870 1382 2900 der
1417 2870 1550 2899 alteren
1575 2877 1624 2906 gr.
1649 2868 1825 2898 Literatur
1845 2868 1880 2897 in
1905 2868 1967 2897 das

136 2924 293 2956 ionische
317 2925 467 2962 Alfabet,
492 2926 596 2956 Basel
622 2926 719 2955 1912.
855 2925 875 2954 k
898 2924 917 2963 ξ
944 2925 975 2961 7,
1000 2926 1052 2960 13,
1078 2926 1132 2960 21,
1158 2925 1211 2961 38,
1238 2925 1291 2959 59,
1318 2921 1386 2957 83⁹,
1416 2923 1468 2957 92,
1494 2923 1569 2957 110,
1590 2922 1667 2957 122,
1689 2922 1763 2956 126,
1786 2917 1968 2956 130‚150⁵‚

140 2980 216 3016 188,
242 2980 317 3017 191,
342 2979 419 3018 225,
443 2978 507 3008 272
532 2987 596 3016 sq„
621 2979 683 3008 291
711 2987 775 3016 sq.,
801 2976 891 3014 315⁴,
917 2975 1008 3013 323³,
1028 2975 1134 3007 324¹6.
1270 2976 1413 3006 lEtiam
1437 2973 1702 3012 Aristophanes,
1720 2975 1759 3003 ut
1774 2973 1968 3003 Zenodotus

138 3033 174 3061 et
206 3031 439 3067 Aristarchus,
471 3030 660 3061 editionem
695 3031 894 3061 elaborasse
928 3029 1084 3065 videtnr;
1122 3038 1211 3068 quae
1248 3031 1364 3059 tamen
1399 3036 1454 3058 res
1489 3035 1557 3056 non
1592 3026 1774 3055 conficitur
1805 3034 1888 3055 voce
1913 3027 1966 3061 „al

140 3081 411 3124 Ἀριστοφάνουσ”
443 3083 551 3112 schol.
590 3084 616 3113 Θ
650 3084 713 3113 513
747 3095 759 3112 ε
784 3084 838 3119 83,
862 3091 940 3112 nam
964 3083 1029 3112 hac
1054 3091 1138 3112 voce
1170 3081 1402 3120 „exemplaria
1427 3080 1590 3109 editionis
1615 3078 1880 3117 Aristophanis”
1903 3076 1970 3114 (sic

141 3136 366 3174 Sengebusch
388 3136 488 3166 Hom.
512 3136 604 3166 Diss.
630 3135 646 3164 Ι
671 3136 728 3172 48)
751 3133 942 3173 significari
964 3143 1034 3164 non
1058 3137 1205 3164 constat.
