2234 3443
180 185 202 231 ἓ
236 184 336 230 316]
826 195 880 223 DE
913 194 1340 223 PBAEPOSITIONIBUS.
1908 183 1961 222 38
1971 184 1990 221 l

416 305 529 362 ἀμφ’
549 306 690 357 ’Ἀρεοσ
721 305 941 362 φιλότητα
972 306 1219 357 ἐϋστεφάνου
1249 303 1278 345 τ’
1314 306 1550 356 Ἀφροδίτκσ
1562 315 1591 342 α.

414 371 599 426 μακριῖισ’
631 373 818 427 ἐγχεΐκισι
846 371 1074 426 μαχέσσοντ’
1110 372 1227 428 ἀμφὶ
1258 371 1440 428 γυναικί
1453 371 1483 411 b.

295 508 510 548 Suffixum
536 512 626 555 -σ(ε)
653 520 795 550 versus
821 510 1026 549 adverbio
1053 508 1159 559 ἀμφί
1182 510 1382 549 additum
1399 509 1543 548 effecit
1558 517 1722 548 novum
1740 508 1995 548 adverbium

179 571 336 624 ἀμφίσῡ
366 576 412 614 in
442 577 666 624 utramque
691 580 872 626 partem,
905 587 1092 616 seorsum
1105 574 1139 626 d,
1174 587 1243 616 ex.
1276 587 1363 624 gn:

535 642 583 682 οὐ
615 643 689 695 γὰρ
721 641 768 683 ἔτ’
802 642 948 698 ἀμφὶσ
975 640 1171 693 Ὀλύμπια
1204 639 1348 693 δώματ’
1382 641 1540 694 ἕχοντεσ

415 706 615 748 ἀθάνατοι
642 708 891 764 φράζονται
904 718 932 750 e.

298 774 376 814 Cui
407 776 612 816 adverbio
643 788 973 826 nonnumquam
1005 778 1182 816 additus
1213 779 1281 816 est
1310 777 1514 826 yenitivus
1527 779 1556 825 f,
1592 787 1660 816 eX.
1693 786 1777 824 gr.:

564 843 669 885 Atos
700 842 847 899 ἀμφὶσ
882 844 1076 883 Ἀθηναίη
1104 859 1142 883 τε
1170 843 1236 882 καὶ
1255 842 1364 895 ’Ἡρη
1392 844 1398 895 Ι
1426 843 1565 894 ἥσθην

179 917 366 947 seorsum
396 909 450 948 ab
480 909 571 949 Iove
600 912 794 951 sedebant
824 911 1014 951 Minerva
1046 915 1080 950 et
1110 911 1263 951 Iunoq.

299 976 414 1016 Hinc
453 975 582 1027 ἀμφὶσ
613 978 779 1028 ἔμμεναι
811 979 1016 1018 dicuntur
1049 989 1157 1027 quae
1183 978 1426 1027 interposita
1456 978 1563 1017 duas
1595 988 1665 1017 res
1696 977 1767 1017 vel
1797 977 2000 1016 homines

180 1039 310 1091 ἀμφὶσ
339 1042 497 1094 ’ἔχουσιν
527 1045 622 1084 sive
653 1043 923 1096 seiunqunth,
958 1056 1026 1085 ex.
1059 1056 1145 1094 gr.:

535 1113 707 1151 πλησίον
738 1110 932 1159 ἀλλήλων,
963 1110 1076 1164 ὀλίγη,
1109 1108 1144 1151 δ’
1181 1108 1253 1152 ἔεν
1285 1109 1432 1165 ἀμφὶσ
1463 1110 1617 1162 ἄρουρα
1630 1108 1656 1151 2'.

300 1176 513 1227 Corrupta
537 1181 641 1218 sunt
658 1179 819 1228 Κρόνον
850 1178 980 1229 ἀμφὶσ
1010 1178 1140 1218 ἐόντεσ
1153 1177 1187 1229 j,
1220 1179 1290 1218 ubi
1318 1181 1430 1218 circa
1459 1178 1696 1217 Saturnum
1727 1179 1998 1228 expectatur,

181 1241 309 1293 ἀμφὶσ
335 1242 500 1285 ἕκαστον
527 1243 626 1283 -tak
652 1257 728 1295 pro
755 1245 859 1296 ἀμφὶ
884 1245 1083 1299 fixam-ov
1100 1261 1180 1296 -τα,
1201 1244 1330 1296 ἀμφὶσ
1346 1242 1559 1297 ἕᾶγηῖρῐῡ
1576 1242 2001 1298 ἀμφιρερᾶγηι,ἀμφὶσ

183 1310 324 1349 ι’δώννη
354 1322 431 1361 pro
453 1311 557 1363 ἀμφὶ
578 1313 723 1365 ριδών,
753 1313 882 1363 ἀμφίσ
907 1315 950 1353 in
978 1313 1063 1353 fine
1090 1324 1298 1353 versuum
1332 1313 1621 1362 complurium
1638 1321 1658 1340 η
1684 1323 1760 1361 pro
1787 1310 1893 1360 ἀμφί
1915 1313 1998 1350 tra·

183 1378 346 1426 ditum;
372 1379 529 1427 quibus
554 1379 661 1419 locis
677 1381 844 1420 librarii
861 1382 1172 1430 praepositioni
1189 1381 1409 1420 obsoletae
1428 1380 1750 1419 subiunxerunt
1768 1388 2005 1418 consonam

185 1456 220 1494 σ,
251 1445 304 1484 ad
335 1446 506 1486 hiatum
539 1448 768 1486 vitandum
802 1448 954 1487 utilem
988 1448 1126 1497 ratio,
1159 1451 1206 1487 ut
1233 1448 1277 1486 in
1309 1447 1516 1486 adverbio
1547 1446 1738 1485 πολλάκισ
1765 1445 1835 1485 vel
1862 1445 2004 1485 οὕτωσ.

303 1511 411 1552 Cum
443 1515 764 1563 praepositione
795 1513 913 1565 ἀμφί,
945 1525 1055 1563 quae
1087 1525 1194 1554 aevo
1228 1514 1554 1563 posthomerico
1588 1514 1753 1552 sensim
1781 1514 1824 1552 in
1857 1514 2004 1553 desue-

184 1579 382 1619 tudinem
426 1581 558 1630 venit,
590 1583 640 1620 ut
670 1582 818 1621 omnia
843 1582 932 1621 fere
965 1583 1120 1630 quibus
1151 1583 1290 1621 dualis
1319 1592 1531 1620 numerus
1563 1591 1588 1620 a
1617 1581 1776 1630 plurali
1800 1581 2005 1630 primitus

185 1649 255 1686 est
299 1647 547 1697 distinctus,
594 1651 768 1698 praeter
819 1650 1063 1698 composita
1114 1650 1256 1688 multa
1309 1649 1542 1688 cohaerent
1589 1646 1722 1697 ἄμφω,
1767 1646 2007 1698 ἀμφότεροσ,

182 1717 351 1765 -ρωθεν,
389 1727 520 1766 -ρωσε,
560 1716 829 1755 Adverbium
871 1714 1000 1766 ἀμφίσ
1035 1727 1221 1757 seorsum
1253 1717 1497 1765 permansit
1526 1718 1570 1754 in
1603 1715 1733 1755 verbo
1765 1725 1851 1754 non
1881 1715 2003 1764 epico

185 1779 484 1833 ἀμφισβητεῖται)
527 1785 582 1832 et,
627 1793 734 1822 sono
776 1796 796 1822 6
835 1784 1169 1823 assimulatione
1202 1785 1374 1833 hausto,
1404 1784 1448 1822 in
1479 1782 1662 1822 vocibus
1693 1780 1964 1834 ἀμφι(λ)λογία
1977 1790 2010 1831 q,

185 1846 536 1901 ἀμφιλλεγομένων
550 1859 578 1900 ⁷,
609 1848 856 1902 ἀμφέλλεγον
869 1857 894 1888 ³.

304 1966 346 2009 2.
376 1963 462 2008 ἄνι
491 1970 585 2008 sive
621 1965 713 2009 ἀνά
749 1969 792 2007 in
819 1969 1008 2008 dictione
1036 1969 1170 2018 epica‚
1200 1970 1248 2007 ut
1275 1971 1442 2018 postea,
1470 1978 1599 2017 saepe
1625 1956 1908 2007 accusativum
1934 1966 2003 2005 ad-

185 2035 329 2075 scivit.
373 2035 520 2075 Dativo
552 2036 749 2075 iunctum
782 2036 845 2075 rei
876 2036 1060 2074 alicuius
1092 2036 1318 2084 fastigium
1351 2035 1585 2084 indicabat,
1620 2046 1687 2075 ex.
1720 2046 1804 2083 gr.:
1838 2031 2006 2084 χρυσέωι

184 2100 236 2141 ἂν
267 2104 517 2153 σκήπτρων,
552 2104 658 2143 item
687 2103 862 2152 yenitivo
892 2103 1090 2141 iunctum
1123 2103 1165 2140 in
1194 2103 1412 2141 locutione
1444 2100 1522 2140 ἀνὰ
1554 2100 1655 2140 νκὸσ
1684 2100 1841 2152 βαίνειν
1854 2108 1885 2140 v.

305 2218 348 2263 3.
381 2218 457 2261 διά
486 2221 686 2261 iunctum
716 2221 892 2270 qen-itivo
922 2230 1009 2259 non
1039 2242 1090 2248 —
1118 2222 1167 2259 ut
1198 2221 1242 2259 in
1269 2220 1563 2259 recentiorum
1589 2219 1740 2268 lingua
1765 2240 1820 2244 -
1847 2219 2005 2257 instru-

187 2290 387 2328 mentum
418 2289 652 2339 indicabat,
687 2289 762 2328 sed
796 2289 944 2336 locum,
974 2298 1041 2326 ex,
1070 2298 1158 2336 gr.:
1192 2283 1246 2325 δι’
1284 2286 1396 2336 ὤμου
1411 2295 1449 2324 20.

277 2413 297 2433 a
319 2407 344 2433 θ
369 2404 452 2440 267;
475 2411 538 2442 pro
559 2403 639 2443 ἀμφὶ
663 2404 739 2432 πόσι
761 2402 879 2431 κέλεται
902 2413 918 2441 ρ
944 2400 1008 2430 555
1033 2411 1049 2429 τ
1074 2401 1115 2430 95
1140 2400 1163 2430 l.
1188 2409 1217 2430 a.
1242 2402 1344 2435 πόσιν,
1367 2408 1446 2438 pag.
1473 2400 1534 2429 182
1549 2398 1580 2428 k.
1826 2397 1842 2427 b
1877 2400 1909 2427 Γ
1929 2398 2005 2427 254.

321 2464 337 2485 c
370 2456 450 2494 Pag.
481 2457 544 2486 378
558 2465 584 2485 c.
718 2453 741 2484 d
769 2451 902 2483 Posteri
926 2454 1003 2491 δίχα
1028 2452 1083 2482 vel
1106 2455 1216 2493 χωρία.
1374 2461 1391 2482 e
1416 2455 1443 2482 B
1471 2453 1523 2487 13,
1548 2452 1601 2486 30,
1627 2451 1681 2481 67.
1705 2450 1794 2480 Item
1820 2453 1848 2479 N
1873 2450 1938 2479 345
1963 2451 2005 2479 al.

321 2508 345 2546 f
362 2508 494 2538 Similia
517 2507 534 2548 ξ
557 2508 633 2537 318.
764 2516 786 2546 9
814 2508 840 2537 Θ
864 2506 947 2541 4443
973 2504 1099 2535 similia
1126 2508 1159 2535 Ψ
1181 2506 1245 2535 393
1270 2505 1301 2534 Ω.
1326 2506 1390 2535 488
1417 2504 1432 2539 ξ
1455 2505 1520 2535 352
1541 2514 1563 2533 n
1589 2504 1665 2534 267.
1799 2501 1819 2531 Ιι
1853 2514 1872 2532 α
1897 2503 1937 2532 54
1962 2503 2006 2533 al.

321 2559 334 2590 i
368 2562 400 2590 Γ
427 2562 508 2596 115;
545 2558 677 2598 posteri
705 2557 829 2595 μεταξύ.
858 2558 909 2588 Ad
939 2558 1108 2587 litteram:
1137 2557 1172 2586 in
1202 2559 1367 2597 utramque
1387 2558 1512 2596 partem
1532 2555 1655 2593 (versus
1678 2556 1842 2595 utrosque)
1860 2554 2005 2595 patebat.

191 2608 323 2640 Similia
348 2613 382 2640 H
416 2611 480 2640 342
508 2612 534 2641 Θ
559 2612 622 2642 481
645 2612 744 2641 1464
768 2623 785 2649 γ
802 2612 864 2641 486
892 2614 917 2640 θ
938 2610 1002 2639 340
1017 2608 1060 2650 (ἲ)
1086 2621 1101 2639 ο
1123 2610 1199 2639 184.
1325 2608 1347 2648 j
1369 2609 1480 2642 5274
1507 2613 1531 2638 Ο
1551 2609 1628 2645 225,
1651 2606 1766 2646 priore
1791 2610 1908 2637 autem
1932 2608 2008 2637 loco

191 2661 295 2692 etiam
320 2660 376 2693 ὦσι
400 2671 462 2701 pro
485 2665 556 2694 ἔωσι
579 2663 612 2703 (§
637 2664 718 2701 302)
742 2672 762 2694 a
787 2663 936 2693 dictione
960 2663 1060 2701 epica
1083 2662 1233 2693 alienum
1259 2664 1323 2692 est.
1612 2659 1632 2689 k
1665 2661 1694 2689 A
1721 2660 1796 2695 634,
1823 2660 1886 2689 748
1913 2670 1929 2688 τ
1954 2661 2007 2690 46.

324 2713 337 2744 ι
369 2717 397 2744 A
422 2715 498 2750 559,
521 2715 537 2755 ξ
565 2713 669 2746 15824.
804 2724 832 2744 m
869 2717 896 2744 B
922 2715 998 2748 384,
1021 2723 1099 2752 pag.
1124 2715 1188 2744 380
1200 2723 1231 2753 q.
1366 2723 1386 2743 n
1424 2716 1450 2743 E
1476 2713 1540 2743 723
1567 2712 1691 2751 c122442
1717 2713 1810 2747 5266
1835 2724 1850 2750 η
1871 2714 1890 2742 4
1911 2725 1921 2742 ι
1943 2713 2006 2742 399

190 2767 213 2797 l.
237 2776 267 2798 a.
298 2779 322 2796 ω
344 2767 386 2797 45
410 2766 485 2804 (ubi
503 2769 584 2808 ἀμφί
608 2770 660 2798 est
683 2768 715 2796 in
740 2766 970 2802 melioribus),
996 2767 1049 2796 65.
1072 2767 1179 2797 Recte
1206 2766 1313 2796 habet
1336 2767 1438 2805 ἀμφισ
1460 2765 1496 2795 in
1518 2765 1606 2805 pede
1631 2767 1727 2795 sexto
1754 2767 1780 2795 Θ
1804 2766 1866 2795 481
1890 2766 1928 2797 Ξ
1945 2766 2007 2795 123

194 2822 229 2849 Φ
253 2820 316 2850 162
344 2822 374 2849 Ψ
397 2820 473 2850 330.
633 2830 651 2850 o
687 2821 767 2857 Pag.
796 2820 859 2849 138
873 2830 910 2849 w.
1053 2829 1074 2858 p
1111 2819 1305 2850 Cohaerent
1328 2820 1541 2858 ἂμφίσβατοσ,
1565 2822 1687 2858 -βασισ,
1711 2820 1832 2857 -βασίη,
1854 2826 1918 2847 nec
1940 2825 2008 2847 non

191 2880 316 2902 nomen
339 2873 536 2911 ἀμφίσβαιναι
559 2872 765 2902 lacertarum
794 2872 1010 2909 quarundam
1034 2870 1323 2910 vermiformium,
1344 2869 1473 2908 quibus
1497 2868 1601 2900 etiam
1626 2879 1644 2899 a
1669 2869 1777 2899 cauda
1807 2872 1911 2908 eaput
1933 2878 2010 2899 esse

193 2925 451 2956 fabulabantur.
620 2935 637 2965 q
660 2925 741 2955 Hes.
769 2924 899 2962 Theog.
924 2926 987 2954 229
1013 2928 1086 2959 -λλ-,
1110 2923 1169 2962 qui
1194 2933 1300 2954 sonus
1323 2932 1401 2954 cum
1426 2922 1557 2961 duplici
1581 2922 1684 2952 labda
1711 2920 1807 2952 vocis
1828 2924 2012 2959 παλιλλογία

193 2983 248 3021 (ex
271 2978 348 3016 -νλ-)
369 2977 622 3016 comparandus
644 2980 765 3016 postea
792 2978 826 3006 in
852 2978 1001 3015 simplex
1024 2976 1128 3006 labda
1151 2975 1248 3007 abiit.
1413 2986 1430 3005 ν
1467 2976 1575 3005 Inscr.
1601 2975 1691 3005 Cret.
1725 2975 1816 3004 Bull.
1846 2974 1900 3004 111
1927 2975 2009 3010 2923

194 3029 321 3060 similia
352 3032 432 3060 sunt
466 3031 568 3059 όπόκα
602 3033 647 3060 τιλ
683 3033 730 3066 λῆι
765 3031 823 3067 (=
840 3030 906 3066 uo)
941 3031 975 3058 et
1008 3027 1077 3058 alia
1108 3029 1142 3058 in
1178 3028 1326 3058 dialecto
1361 3028 1537 3065 Gortynia.
1703 3037 1718 3057 s
1752 3027 1862 3057 lusor.
1884 3027 2010 3065 Megar.

195 3083 576 3122 3025,--.ἀμφισέλεγον.
723 3083 735 3112 t
771 3080 787 3120 §
813 3082 865 3111 10.
1021 3091 1041 3110 u
1075 3082 1110 3110 A
1138 3082 1189 3117 15,
1214 3081 1295 3116 3743
1321 3079 1449 3110 elmilia
1477 3083 1503 3111 Θ
1525 3080 1589 3110 441
1615 3082 1649 3112 Ξ
1673 3080 1737 3110 352
1765 3083 1789 3108 Ο
1814 3080 1876 3110 152
1897 3083 1924 3109 Σ
1946 3080 2005 3110 177

195 3138 211 3164 λ
236 3136 298 3166 128
323 3143 351 3174 ψ
371 3136 435 3166 275
460 3147 482 3164 ω
504 3136 534 3165 8.
690 3145 707 3164 v
730 3139 751 3175 β
776 3135 840 3165 416
866 3147 876 3164 ι
902 3134 964 3164 177
991 3146 1006 3163 ο
1031 3134 1107 3164 284.
1262 3144 1287 3163 w
1311 3136 1338 3162 A
1365 3134 1442 3163 481.
