2234 3443
939 163 1199 192 PRAEFATIO.
1924 156 1943 193 1
1954 157 1976 194 7

156 282 200 318 et
227 278 487 318 animalium
517 281 674 318 cuncta
701 288 861 330 genera
886 279 1004 317 certo
1031 276 1175 324 aliquo
1202 277 1414 325 temporis
1440 279 1601 325 puncto
1617 278 1742 317 iussu
1762 278 1981 318 Creatoris

156 357 213 386 ex
239 347 358 385 inani
385 347 598 395 prodiisse
626 357 700 395 per
727 346 870 385 multa
895 345 1072 384 saecula
1088 344 1290 383 homines
1308 344 1598 392 crediderunt,
1617 346 1752 385 donec
1768 347 1983 395 temporis

157 414 201 452 in
229 413 358 454 rebus
384 413 669 452 terrestribus
696 413 922 453 mutandis
947 413 1145 461 potestas
1163 411 1324 450 melius
1341 414 1408 450 est
1426 412 1595 459 agnita:
1620 422 1778 451 causas
1796 414 1980 461 exiguas

156 491 232 530 per
271 480 448 528 longam
492 481 767 520 saeculorum
811 481 970 520 seriem
1010 479 1212 524 vigentes
1252 478 1371 516 lento
1412 479 1513 517 nisu
1555 488 1606 517 ea
1642 479 1839 518 effecisse
1871 491 1980 528 quae

155 549 391 597 derepente
439 548 577 586 veluti
625 559 646 587 e
694 548 802 587 chao
849 547 1082 586 emicuisse
1129 545 1232 584 011m
1273 546 1378 583 sunt
1421 545 1605 593 credita;
1651 556 1790 594 aquae
1830 549 1981 594 guttas

152 615 392 664 stillantes,
423 617 770 664 concrescentes,
799 615 1094 662 liquescentes
1120 613 1337 652 montium
1362 612 1480 651 celsa
1497 613 1725 651 cacumina
1742 613 1981 662 delevisse;

155 682 442 722 bestiolarum
471 685 564 722 tam
595 683 856 731 exiguarum
885 686 933 721 ut
958 681 1087 720 nudis
1114 681 1252 719 oculis
1279 690 1333 718 ne
1355 680 1473 718 cerni
1491 681 1666 727 quidem
1685 682 1855 729 possint
1874 681 1981 719 rnul-

156 750 390 789 titudinem
424 750 706 790 innumeram
741 760 816 798 per
848 759 957 788 aeva
988 748 1161 787 infinita
1193 749 1543 786 succrescentem
1574 748 1781 786 candidas
1811 748 1981 787 Britan-

154 827 310 856 norum
338 828 469 866 rupes
497 820 541 857 et
567 819 710 857 solum
732 818 1017 857 Borussicum
1042 826 1239 862 creasse;
1267 815 1433 853 sensim
1462 817 1610 854 autem
1639 817 1682 854 et
1709 816 1980 863 pedetentim

155 884 406 933 plantarum
450 887 582 934 atque
625 886 917 924 animantium
959 884 1087 923 varia
1125 893 1287 931 genera
1328 883 1371 920 in
1405 882 1515 920 alias
1546 881 1710 930 figuras
1742 882 1905 921 abiisse
1937 885 1982 922 et

152 953 409 992 etiamnunc
441 954 573 992 abire.
607 954 676 992 Sic
708 963 785 1001 per
815 953 1045 991 hominum
1078 952 1247 1007 aetates
1278 950 1524 998 plurimasa
1553 950 1696 988 multa
1728 951 1861 989 verba
1893 960 1981 989 car-

156 1016 325 1059 minum
359 1021 580 1069 epicorum
615 1023 657 1059 et
687 1019 851 1068 figurae
883 1018 1143 1068 praesertim
1177 1017 1412 1055 verborum
1440 1018 1607 1055 sensim
1637 1018 1741 1055 sunt
1766 1019 1980 1070 mutatae,

155 1097 242 1127 non
283 1090 437 1137 sponte
478 1091 711 1128 cantorum
753 1087 823 1126 vel
865 1087 1099 1134 editorum,
1142 1095 1228 1123 non
1271 1083 1487 1135 consulto,
1526 1094 1612 1122 non
1646 1084 1873 1133 violenter,
1907 1085 1984 1123 sed

154 1154 272 1194 lente
300 1158 343 1194 et
365 1155 486 1195 nullo
513 1156 785 1204 advertente,
813 1155 918 1193 dum
945 1154 988 1192 in
1016 1154 1244 1192 cantorum
1269 1151 1551 1200 potissimum
1576 1160 1649 1190 ore
1666 1151 1984 1199 hominumque

155 1223 371 1262 memoria
408 1233 458 1261 ea
500 1224 697 1262 carmina
739 1223 945 1261 vixerunt
985 1224 1030 1260 et
1072 1221 1172 1259 viva
1217 1229 1320 1258 voce
1352 1221 1457 1257 sunt
1488 1221 1740 1267 propagata.
1775 1218 1984 1258 Constitit

155 1292 304 1329 autem
331 1290 481 1329 Iliadis
508 1290 815 1339 Odysseaeque
843 1292 993 1328 textus
1020 1289 1072 1327 ab
1100 1298 1150 1326 eo
1178 1287 1355 1326 demum
1378 1288 1576 1334 tempore
1591 1296 1675 1334 quo
1694 1287 1982 1326 carminailla

157 1357 368 1405 religione
408 1367 433 1396 a
474 1358 725 1397 temeritate
758 1357 931 1396 defendi
965 1359 1007 1395 et
1038 1356 1123 1403 legi
1165 1355 1308 1402 magis
1340 1364 1471 1401 quam
1506 1354 1647 1392 audiri
1679 1356 1783 1392 sunt
1815 1356 1984 1402 coepta.

157 1424 324 1463 Exinde
356 1425 408 1463 ad
440 1427 591 1464 nostra
621 1435 758 1473 usque
790 1427 991 1472 tempora
1022 1424 1216 1461 intactus
1248 1422 1336 1460 fere
1370 1421 1549 1460 mansit.

1024 1647 1100 1686 ΙΙΙ.

276 1826 436 1865 Atticis
477 1826 640 1865 litteris
682 1828 730 1865 ut
772 1826 1058 1865 exararentur
1090 1822 1335 1862 carminum
1369 1820 1589 1869 epicorum
1623 1819 1893 1868 exemplaria
1920 1830 1984 1869 ea,

156 1904 270 1942 quae
310 1895 354 1933 in
390 1894 539 1933 Attica
575 1898 618 1933 et
649 1895 693 1932 in
728 1893 1065 1932 Atheniensium
1097 1889 1356 1939 praesertim
1391 1897 1520 1925 usum
1554 1886 1727 1935 fiebant,
1760 1887 1854 1935 ipsa
1884 1887 1988 1926 tulit

158 1972 242 2001 res·
276 1961 365 2011 Quo
398 1964 595 2010 tempore
621 1961 756 2008 igitur
782 1961 926 2009 prisca
951 1969 1032 1997 sua
1058 1956 1309 1996 litteratura
1336 1955 1630 1994 Athenienses
1660 1954 1907 2004 utebantur,
1942 1956 1985 1993 in

164 2029 342 2068 Homeri
390 2028 660 2068 carminibus
706 2038 814 2067 sono
861 2028 887 2066 h
932 2036 1065 2066 suum
1106 2025 1282 2072 signum
1328 2022 1412 2061 fuit
1453 2023 1507 2070 H,
1543 2021 1681 2060 oculis
1722 2023 1868 2060 autem
1900 2032 1987 2061 non

160 2096 482 2146 percipiebatur
522 2097 758 2136 discrimen
800 2104 1007 2134 sonorum
1050 2108 1074 2142 η
1118 2094 1161 2130 et
1192 2104 1209 2129 ε
1242 2092 1285 2129 et
1316 2088 1742 2138 pseudodiphthongi
1773 2103 1819 2135 ει,
1849 2100 1987 2138 neque

160 2164 398 2203 discrimen
443 2164 557 2212 quod
599 2164 683 2203 fuit
724 2164 838 2202 inter
870 2171 1002 2201 sonos
1034 2176 1063 2198 ω
1095 2161 1139 2199 et
1171 2173 1190 2197 ο
1225 2159 1269 2196 et
1300 2157 1786 2206 pseudodiphthongum
1821 2171 1882 2205 ου,
1913 2158 1989 2196 sed

162 2233 255 2270 tres
297 2231 360 2270 illi
400 2232 499 2271 soni
541 2232 667 2280 signo
702 2232 750 2278 Ε,
781 2231 826 2268 hi
858 2230 984 2278 signo
1020 2229 1052 2266 Ο
1085 2225 1411 2271 indicabantur;
1445 2224 1574 2271 signa
1614 2223 1733 2261 ΗΟΣ
1763 2224 1908 2272 igitur,
1941 2227 1989 2263 ut

164 2299 368 2347 exempla
413 2309 550 2338 unum
599 2301 643 2338 et
689 2298 877 2337 alterum
924 2296 1213 2345 proferantur,
1261 2293 1303 2330 id
1351 2291 1464 2339 quod
1508 2289 1553 2329 ὅσ
1596 2291 1665 2329 vel
1709 2290 1762 2329 ὥσ
1807 2291 1875 2330 vel
1917 2291 1990 2330 οῧσ

164 2365 385 2415 valebant,
430 2367 557 2415 signa
600 2367 683 2404 EN
720 2366 762 2403 id
803 2365 915 2413 quod
956 2362 997 2402 ἐν
1030 2362 1099 2401 vel
1134 2355 1185 2411 ἦν
1218 2360 1286 2399 vel
1318 2358 1388 2397 εἰν.
1422 2358 1650 2398 consonae
1682 2369 1768 2398 non
1800 2360 1988 2408 duplica-

164 2433 346 2481 bantur;
392 2443 475 2472 non
517 2434 820 2473 scribebantur
867 2434 911 2470 Ψ
949 2433 992 2470 et
1033 2429 1075 2479 Ξ,
1116 2429 1193 2468 sed
1238 2429 1315 2465 ΦΣ
1346 2429 1389 2465 et
1420 2427 1518 2474 ΧΣ;
1552 2426 1648 2465 soni
1679 2437 1717 2465 w
1748 2427 1924 2476 signum
1958 2428 1996 2466 F

164 2501 265 2539 inde
297 2511 322 2539 a
353 2500 454 2539 VII0
483 2503 600 2540 certe
632 2502 807 2540 saeculo
840 2511 925 2539 non
958 2498 1228 2538 scribebatur
1242 2496 1272 2535 b.

286 2568 367 2607 Sed
409 2568 466 2606 V0
496 2570 671 2608 saeculo
712 2569 965 2607 litteratura
995 2566 1144 2605 Attica
1175 2565 1304 2602 aucta
1334 2563 1402 2601 est
1433 2561 1574 2609 signis
1607 2562 1905 2610 compluribus
1937 2573 1991 2602 ex

166 2635 289 2674 Ionia
335 2636 538 2684 receptis,
586 2646 697 2683 quae
744 2636 879 2675 etiam
925 2635 1040 2672 inter
1080 2634 1252 2671 ceteras
1295 2629 1561 2668 Graecorum
1603 2632 1757 2675 gentes
1788 2630 1993 2678 usurpari

169 2703 335 2742 sensim
364 2707 468 2742 sunt
495 2706 661 2752 coepta.
691 2704 738 2741 In
766 2703 937 2751 publica
963 2701 1136 2748 quidem
1167 2696 1503 2738 Atheniensium
1531 2695 1704 2735 decreta
1731 2707 1845 2735 anno
1864 2695 1992 2747 40312

170 2771 348 2809 demum
391 2771 499 2809 haec
536 2771 664 2819 signa
691 2771 887 2809 admissa
918 2771 1022 2807 sunt
1051 2768 1228 2806 iubente
1260 2764 1465 2810 Archino,
1499 2763 1575 2800 sed
1607 2764 1832 2811 aliquanto
1865 2765 1996 2802 antea

171 2838 215 2876 in
257 2838 407 2877 Attica
444 2839 556 2876 haud
600 2839 751 2885 ignota
790 2837 927 2876 fuisse
968 2836 1094 2875 docet
1135 2835 1286 2873 littera
1326 2829 1518 2870 secunda
1552 2832 1693 2871 Thesei
1724 2831 1918 2870 nominis
1949 2831 1993 2869 in

260 3029 281 3048 a
304 3017 450 3048 Centum
483 3018 555 3048 fere
588 3018 767 3047 hominum
800 3018 932 3046 aetates
963 3023 1074 3053 usque
1110 3014 1152 3044 ad
1183 3016 1339 3044 nostrum
1369 3012 1546 3042 saeculum
1579 3013 1660 3050 post
1682 3011 1869 3040 Homerum
1897 3018 1995 3047 prae-

170 3071 353 3110 terierunt,
387 3071 531 3108 triginta
564 3078 675 3108 usque
710 3069 752 3099 ad
788 3069 875 3098 illud
909 3071 1049 3106 tempus
1080 3076 1148 3105 quo
1179 3064 1429 3104 exemplarium
1462 3073 1552 3102 quae
1589 3064 1631 3093 ad
1665 3072 1728 3093 nos
1761 3064 1998 3101 pervenerunt

166 3123 411 3154 vetustissima
436 3126 517 3153 sunt
535 3125 686 3158 exarata,
709 3120 834 3159 viginti
857 3129 968 3158 usque
993 3121 1035 3150 ad
1059 3129 1180 3150 aevum
1202 3119 1337 3149 Solonis
1361 3121 1395 3148 et
1416 3115 1725 3147 Pisistratidarum.
1860 3114 1876 3143 b
1903 3114 1917 3153 ξ
1941 3113 1996 3143 40.

244 3181 319 3209 Van
338 3181 510 3209 Leeuwen.
529 3179 768 3208 Euchiridium.
834 3169 838 3172 ’
1872 3173 1889 3199 2
