2234 3443
236 180 322 217 390
975 189 1030 217 Da
1062 187 1311 216 ADVERBHS.
1763 179 1801 225 [ἓ
1835 180 1934 228 321,
1968 179 2053 217 322

589 295 620 357 ἦ
654 299 787 355 μάλα.
817 308 932 341 τοῦτο
963 300 1094 355 ρέποσ
1124 299 1318 351 νκμερτὲσ
1348 300 1546 354 ἐζρειπεσα.

587 363 619 424 ἦ
655 367 789 422 μάλα
820 368 876 424 δή
910 383 957 418 με
987 368 1079 408 θεοὶ
1110 365 1331 408 θάνατόνδ’
1369 364 1623 408 ἕκάλεσσανό.

351 438 495 476 Etiam
544 440 697 486 postea
740 438 855 476 haud
901 437 1107 476 insolitae
1153 437 1331 476 fuerunt
1373 437 1616 476 locutiones
1666 435 1808 475 αὐτίκα
1855 436 1960 486 μάλα
1999 437 2057 476 sic

233 505 387 557 statim,
422 502 487 542 καὶ
519 503 604 549 (ἔτι)
636 503 741 553 μάλα
773 506 893 552 atque
924 504 1037 553 adeo,
1067 503 1115 542 οὐ
1143 504 1247 554 μάλα
1278 504 1371 543 sive
1397 503 1595 553 πώμαλασ
1625 503 1812 553 minime,
1840 501 2054 543 similesd.

829 858 920 897 111.
950 858 1022 896 De
1050 857 1317 897 adverbiis
1345 858 1459 896 loei-

351 989 376 1039 ἓ
407 988 506 1031 322.
541 990 606 1028 Ex
641 989 860 1029 adverbiis
890 989 967 1027 loci
997 989 1226 1036 sequentia
1257 989 1327 1027 hic
1358 989 1748 1028 commemoranda
1777 989 1881 1027 eunt
1906 986 2025 1026 visa:

351 1058 384 1096 Ι.
422 1057 540 1106 Quae
572 1057 782 1096 desinunt
811 1057 855 1095 in
886 1053 1058 1108 -&e(v)⁶’.
1091 1055 1272 1104 Singula
1304 1055 1554 1094 enumerari
1585 1065 1670 1095 non
1703 1056 1771 1094 est
1800 1064 1923 1103 opus.

353 1124 407 1163 ΙΙ.
442 1123 559 1173 Quae
590 1124 798 1163 desinunt
828 1124 872 1162 in
903 1121 1021 1162 -θιΐε

358 1193 394 1230 1.
427 1191 530 1229 πόθι
560 1191 655 1230 Sive
687 1195 768 1229 ποῦ
798 1187 902 1230 ubi?

353 1259 393 1300 2.
423 1258 518 1297 τόθι
548 1258 606 1298 ibi
619 1266 654 1298 9.

353 1326 394 1365 3.
428 1328 530 1364 ποθι
571 1326 666 1365 sive
707 1340 787 1365 που
828 1326 996 1375 alicubi,
1037 1328 1081 1365 et
1121 1337 1147 1365 a
1186 1325 1281 1365 loco
1318 1326 1371 1365 ad
1402 1328 1579 1375 tempus
1608 1324 1828 1364 translata
1859 1323 2056 1363 notione:

233 1393 463 1442 aliquando
493 1393 587 1433 eive
614 1393 732 1441 forte.

355 1464 395 1500 4.
429 1460 499 1499 ὅθι
529 1462 615 1502 ubi.

354 1529 393 1567 5.
426 1531 535 1566 κεῖθι
565 1526 693 1568 illick.

351 1598 392 1635 6.
428 1589 555 1633 αὖθιί
583 1596 667 1635 loco
693 1596 797 1636 dicto
819 1597 913 1636 sive
930 1597 1006 1645 hic,
1025 1596 1127 1645 istic,
1144 1596 1239 1644 illic,
1258 1595 1402 1644 prouti
1419 1595 1503 1634 fert
1519 1594 1755 1634 verborum
1772 1594 2006 1633 contextus
2020 1589 2056 1631 j.

358 1685 403 1691 —
441 1661 588 1701 αὐτόθι
620 1663 715 1702 sive
747 1663 873 1703 αὐτοῦ
904 1664 993 1713 ipso
1024 1664 1106 1703 loco
1136 1664 1254 1703 dicto.

356 1731 394 1769 7.
428 1727 571 1768 ἄλλοθι
602 1731 715 1770 alibi.

354 1798 393 1836 8.
425 1797 649 1850 fendcwffl
682 1808 841 1846 quoque
870 1799 966 1838 loco.

354 1864 395 1902 9.
427 1862 562 1913 ὑψόθι
593 1865 688 1904 sive
719 1864 831 1915 ὑψοῦ
864 1866 958 1904 sive
989 1864 1067 1914 ὕψι
1097 1866 1189 1904 alte.

356 1932 422 1971 10.
457 1931 602 1982 τηλόθι
634 1933 728 1972 sive
758 1935 847 1983 τῆλε
872 1933 1034 1982 procul,
1072 1943 1173 1972 cum
1204 1931 1475 1981 superlativo
1506 1930 1704 1982 τηλοτάτω
1718 1926 1748 1968 k.

362 2001 428 2038 11.
462 1997 608 2051 ἀγχόθι
640 2000 734 2040 sive
765 1998 889 2052 ἀγχοῦ
922 2001 1016 2039 sive
1047 1998 1136 2052 ἄγχι
1168 2002 1212 2039 et
1243 1998 1386 2052 ἐγγύθι
1417 1999 1511 2039 sive
1543 1997 1663 2050 ἐγγύσ
1687 2008 1818 2048 prope
1831 1994 1854 2038 l.

357 2067 423 2105 12.
456 2065 599 2105 ἔνδοθι
631 2066 725 2107 sive
756 2065 874 2106 ἔνδον
905 2069 1031 2107 intus.

358 2135 425 2173 13.
458 2132 597 2172 ἔκτοθι
628 2135 723 2173 sive
755 2133 868 2174 ἐκτόσ
899 2137 1030 2175 extra.

357 2202 423 2240 14.
457 2201 590 2240 νειόθι
620 2202 791 2251 infram.

357 2269 424 2308 15.
457 2267 625 2319 ἑτέρωθι
655 2270 785 2309 altero
815 2270 911 2309 loco.

352 2336 586 2376 Terminus
628 2343 714 2387 -οῦ,
752 2337 826 2385 qui
871 2338 1024 2386 postea
1066 2335 1235 2385 vulgati
1276 2336 1361 2374 fuit
1395 2335 1625 2384 sermonis,
1663 2335 1708 2373 in
1739 2336 1868 2375 textu
1898 2335 2060 2374 tradito

235 2404 402 2450 passim
435 2403 615 2452 legitur:
651 2409 747 2454 ποῦ,
776 2419 871 2454 που,
901 2403 1043 2453 αὐτοῦ,
1071 2401 1198 2453 ὑψοῦ,
1232 2406 1368 2454 τηλοῦ,
1397 2401 1533 2454 ἀγχοῦ.
1567 2402 1650 2442 Sed
1682 2403 1725 2441 in
1758 2413 1830 2442 ore
1861 2402 2060 2451 ipsorum

234 2473 462 2518 poetarum
496 2481 582 2510 non
614 2473 709 2510 tam
741 2471 1015 2520 frequentem
1045 2470 1194 2518 fuisse,
1226 2471 1272 2510 in
1303 2470 1470 2510 multos
1502 2471 1620 2509 enim
1653 2480 1807 2509 versus
1830 2469 2061 2519 irrepsisse

321 2679 340 2698 a
366 2671 396 2698 Γ
416 2670 493 2699 204.
651 2667 666 2697 b
695 2672 728 2698 X
751 2669 826 2699 297.
984 2678 1000 2698 c
1031 2668 1081 2698 Ex
1105 2668 1190 2698 οὔπω
1213 2669 1306 2705 μάλα,
1331 2667 1422 2697 Gall.
1446 2667 1544 2707 (pas)
1566 2665 1609 2697 du
1634 2668 1714 2702 tout,
1738 2666 1782 2696 ad
1806 2667 1862 2696 Ar.
1887 2666 1980 2696 Plut.
2006 2667 2058 2696 66.

366 2720 389 2750 d
412 2721 473 2751 Ex.
496 2730 547 2759 gr.
571 2721 628 2751 Ar.
652 2721 740 2751 Nub.
767 2722 852 2751 1326
877 2722 956 2751 Pae.
982 2722 1000 2751 5
1024 2721 1108 2751 Ran-
1132 2720 1208 2750 864.
1354 2729 1371 2749 e
1394 2718 1411 2758 fi
1436 2719 1491 2750 47.
1617 2718 1648 2759 s
1668 2717 1684 2757 ξ
1710 2720 1764 2748 48.
1895 2729 1918 2758 q
1944 2730 1960 2748 ο
1984 2719 2059 2753 239,

234 2774 256 2802 l.
281 2782 310 2803 a.
331 2774 398 2808 ὅθι,
424 2776 459 2803 et
480 2774 620 2812 saepius
646 2774 738 2812 apud
762 2773 950 2804 Pindarum
974 2775 1079 2811 atque
1102 2772 1348 2810 Bacchylidem.
1562 2770 1582 2801 h
1614 2774 1645 2801 Γ
1665 2772 1729 2801 402
1754 2771 1814 2808 al.;
1840 2779 1902 2809 pro
1927 2770 1994 2811 ὄφρ’
2021 2770 2058 2800 ἂν

235 2828 333 2856 ἐκεῖθι
357 2838 373 2866 ρ
401 2827 441 2856 10
463 2826 531 2864 leg.
555 2826 637 2866 ὄφρα
664 2838 696 2855 κε
722 2830 816 2861 κιῖθι,
842 2835 919 2865 pag.
947 2825 1053 2863 2137<
1221 2825 1234 2855 i
1256 2825 1409 2855 Posteris
1432 2825 1499 2855 fuit
1521 2824 1717 2863 perieulum
1739 2832 1782 2854 ne
1806 2823 2058 2854 confunderent

232 2878 441 2915 particulam
473 2875 550 2908 αὖθι
581 2877 727 2908 elisione
759 2879 978 2908 imminutam
1006 2878 1050 2916 (A
1084 2879 1125 2908 48
1155 2888 1174 2908 σ
1199 2879 1240 2908 48
1266 2877 1326 2916 al.)
1351 2878 1386 2907 et
1408 2877 1615 2915 particulam
1638 2873 1731 2906 αὖτισ
1754 2876 1826 2906 sive
1849 2872 1922 2905 αὖτο
1947 2883 2058 2905 rursus

235 2932 314 2959 ante
350 2929 513 2968 spiritum
551 2939 712 2969 asperum
749 2928 823 2961 αὖθ’
862 2933 1028 2970 scriptam
1064 2932 1113 2965 (A
1150 2931 1214 2961 370
1250 2930 1322 2967 aL),
1357 2938 1436 2960 oum
1472 2938 1547 2960 mos
1580 2930 1740 2959 vetustus
1774 2937 1878 2958 sonos
1901 2927 2004 2958 elisos
2025 2929 2058 2956 ἐκ

231 2985 371 3023 πλήρουσ
409 2984 571 3013 exarandi
607 2984 859 3019 obsolevisset3
887 2992 976 3022 quae
1008 2982 1096 3022 ipsis
1132 2980 1233 3013 αὖθισ
1265 2982 1439 3013 audiebat.
1464 2982 1587 3020 Itaque
1614 2981 1849 3012 Callimachus
1873 2979 2059 3017 aliquando

233 3035 385 3072 pessime
413 3035 514 3065 dixit:
542 3033 641 3072 ,,αὖθι
665 3037 734 3066 τόδ’
763 3036 926 3074 andeolum
949 3037 1017 3066 ἀντὶ
1041 3040 1096 3066 τοῦ
1117 3037 1197 3073 μετὰ
1219 3040 1327 3071 ταῦτα,
1352 3034 1511 3066 Ammon.
1535 3035 1576 3066 2‘1
1601 3034 1718 3065 Valok.
1856 3031 1879 3073 j
1900 3032 1941 3062 Id
1965 3032 2056 3070 quod

235 3086 382 3116 latinum
409 3087 485 3118 ilico
511 3089 600 3118 valet
627 3089 730 3119 (9270
755 3089 798 3119 al.
935 3088 954 3118 lc
977 3087 1059 3126 Pag.
1082 3090 1145 3119 198
1158 3098 1186 3119 r.
1323 3087 1373 3126 l§
1393 3085 1486 3118 318¹.
1620 3097 1649 3116 m
1677 3087 1788 3117 «0317
1812 3087 1912 3116 νιιόθι
1936 3087 2057 3123 λίμνησ,

236 3139 270 3169 z'n
294 3138 356 3169 imo
379 3141 505 3179 είαρηο,
529 3141 545 3178 5
572 3142 624 3171 88.
