2234 3443
1106 782 1166 832 Π.

557 944 679 1014 DE
729 944 1137 1036 LINGUAE
1188 942 1719 1014 ELEMENTIS.

1012 1109 1216 1150 CAPUT
1245 1109 1274 1149 Ι.

482 1236 582 1286 DE
636 1237 1062 1288 VOCALIBUS
1118 1237 1214 1288 ET
1270 1237 1793 1288 DIPHTHONGIS.

930 1623 969 1663 Ι.
1000 1624 1071 1662 De
1101 1625 1270 1663 vocali
1299 1634 1346 1665 α.

343 1740 369 1791 ξ
401 1740 444 1784 4.
478 1744 581 1782 Soni
611 1742 643 1783 ἄ
674 1745 718 1783 in
750 1745 938 1785 dictione
971 1747 1091 1795 epica
1121 1746 1236 1786 idem
1268 1747 1350 1786 fuit
1380 1757 1486 1785 usus
1518 1747 1590 1794 qui
1622 1749 1787 1795 postea.

342 1872 370 1927 ἓ
400 1877 442 1918 5.
477 1878 617 1917 Sonus
648 1878 680 1919 ᾰ
711 1889 786 1928 per
816 1882 1220 1929 compensationem
1252 1884 1490 1931 productus
1516 1883 1647 1922 fiebat
1673 1889 1717 1933 ᾱ,
1745 1885 1794 1922 ut
1821 1885 1864 1922 et
1880 1885 2045 1932 postea.

225 1943 302 1984 EX.
333 1954 419 1992 gr.:
452 1944 573 1994 μέλᾶσ
605 1957 627 1985 e
654 1946 815 1998 μέλανσ,
840 1954 921 1986 πᾶσ
947 1959 970 1987 e
998 1949 1138 1999 πάντσ,
1162 1953 1433 2000 τεθαρσήκᾶσι
1460 1963 1482 1991 e
1507 1951 1799 2002 -καντι,γίγᾶσι
1816 1961 1838 1990 e
1855 1950 2045 2002 γίγαντσι.

340 2011 484 2051 Etiam
531 2015 808 2054 accusativus
854 2016 1036 2065 pluralis
1087 2018 1151 2056 1³0
1186 2019 1491 2058 declinationis
1531 2019 1594 2058 ita
1633 2022 1702 2058 est
1733 2018 2045 2058 conformatus

220 2075 353 2116 Cuius
393 2080 557 2120 ordinis
596 2083 777 2122 nomina
807 2083 850 2122 in
882 2084 1099 2133 plerisque
1131 2086 1309 2133 quidem
1342 2087 1495 2125 formis
1526 2086 1763 2126 utebantur
1793 2096 1900 2125 sono
1933 2097 1956 2124 ᾶ
1989 2089 2042 2132 (κ)

221 2147 376 2193 suapte
422 2149 580 2187 natura
624 2149 767 2200 longo,
814 2152 890 2190 sed
937 2151 1068 2191 breve
1113 2153 1197 2191 fuit
1242 2154 1373 2202 alpha
1412 2154 1456 2192 in
1497 2154 1739 2193 multorum
1771 2153 2043 2192 nominativo

221 2214 472 2253 accusativo
519 2217 719 2256 vocativo
766 2219 938 2258 numeri
985 2220 1235 2270 singularis,
1285 2231 1352 2260 ex.
1399 2232 1462 2269 gr,
1510 2227 1654 2271 μοῦσα,
1691 2221 1844 2270 νύμφα,
1886 2223 2043 2270 μοῖραν,

219 2277 381 2330 ἱππότα,
420 2283 464 2320 et
495 2282 539 2321 in
571 2285 769 2324 omnium
801 2286 1006 2327 terminis
1036 2302 1097 2324 -αι
1129 2290 1172 2327 et
1202 2300 1298 2325 -ανσ
1329 2290 1500 2327 numeri
1532 2289 1728 2337 pluralis.
1761 2289 1810 2327 In
1842 2297 1910 2325 -ᾶσ
1943 2287 2040 2326 dein

220 2346 328 2386 abiit
367 2361 475 2399 -ανσ,
518 2354 567 2390 ut
609 2353 652 2390 et
685 2355 837 2402 postea
850 2365 858 2402 ;
893 2355 969 2393 sed
1010 2355 1054 2394 in
1097 2355 1370 2395 Cretensium
1403 2357 1755 2405 Argivorumque
1787 2356 1937 2404 lingua
1968 2356 2040 2394 diu

217 2417 464 2463 permansit
495 2418 729 2470 integrum,
763 2421 862 2460 dein
894 2421 1002 2460 abiit
1031 2423 1076 2461 in
1105 2426 1189 2472 -ἅσ,
1223 2425 1272 2461 ut
1303 2424 1347 2461 in
1379 2423 1476 2462 aliis
1509 2424 1708 2463 dialectis
1740 2423 1908 2462 Doricis
1921 2431 1952 2462 a.

338 2483 614 2526 Aoristorum
655 2488 699 2527 in
729 2488 880 2539 -άλσαι,
908 2489 1062 2539 -άνσαι,
1090 2490 1229 2541 -άρσαι
1259 2488 1586 2530 desinentiumb
1618 2501 1752 2530 sonus
1784 2506 1808 2528 α
1839 2492 1883 2529 in
1917 2506 1942 2528 κ
1972 2492 2040 2530 est

220 2551 433 2601 mutatus,
475 2554 687 2602 tanquam
729 2565 810 2594 sua
849 2558 1009 2596 natura
1048 2558 1218 2608 longus,
1263 2568 1328 2597 ex.
1370 2569 1432 2607 gr.
1475 2558 1597 2608 ἰῆλαι,
1626 2557 1790 2607 affimat,
1818 2560 2040 2608 καθῆραισ.

220 2617 413 2658 Duorum
457 2623 606 2660 tamen
655 2623 884 2662 verborum
933 2626 1136 2675 aoristus,
1179 2620 1435 2676 &ygnpff'wmd
1479 2628 1521 2665 et
1568 2624 1776 2677 ἐμάρᾶνεθ,
1824 2626 1867 2664 in
1914 2626 2037 2664 textu

308 2778 327 2796 a
351 2768 370 2806 ᾖ
392 2769 444 2799 57.
616 2769 632 2799 b
656 2771 674 2808 ἓ
699 2771 774 2800 251.
941 2781 957 2802 c
980 2773 1178 2811 Brugmann
1207 2773 1265 2803 Gr.
1295 2774 1446 2803 Gramm.
1475 2774 1493 2812 ᾖ
1516 2775 1556 2803 58
1585 2773 1784 2812 suspicatus
1815 2775 1868 2802 est
1893 2772 2037 2801 formam

220 2817 295 2850 τᾶνσ
327 2821 362 2850 in
392 2818 451 2852 τάσ
478 2825 551 2862 post
580 2823 707 2853 abiisse
740 2832 842 2862 quam
872 2824 973 2854 Iones
1005 2828 1039 2855 et
1070 2826 1301 2856 Athenienses
1330 2834 1453 2856 sonum
1485 2833 1504 2856 ἃ
1528 2827 1562 2856 in
1588 2839 1605 2865 η
1627 2827 1815 2862 mutarunt,
1840 2834 1881 2855 ex
1904 2822 2034 2854 aoristo

219 2875 448 2913 ὄτεκτανσάμην
471 2884 551 2906 vero
581 2878 658 2906 ante
685 2875 773 2907 illud
796 2886 917 2907 aevum
942 2878 1073 2908 factum
1099 2888 1175 2909 esse
1199 2881 1417 2918 ἐτεκτᾶιάμην,
1444 2880 1525 2910 dein
1549 2881 1762 2917 ἐτεκτηνάμην.
1787 2877 1893 2915 Atqui
1920 2877 2039 2914 lingua

216 2925 357 2956 Homeri
383 2928 488 2958 habet
519 2927 758 2960 accusativum
782 2930 816 2959 in
841 2936 897 2960 ·ᾶσ
920 2932 955 2960 et
979 2931 1124 2961 aoristos
1148 2932 1346 2970 complures
1368 2932 1402 2962 in
1429 2935 1515 2963 -λσαι
1539 2934 1574 2962 et
1596 2943 1692 2970 -ρσαι,
1719 2940 1769 2961 ex.
1793 2939 1842 2968 gr.
1866 2930 1976 2968 frizoni
2002 2931 2036 2959 et

216 2978 321 3017 ὄρσαι,
347 2979 363 3017 5
386 2980 465 3010 251:
489 2982 561 3011 veri
584 2982 689 3019 igitur
709 2984 762 3012 est
782 2981 952 3013 dissimile
978 2982 1124 3013 aoristos
1149 2985 1239 3021 ἰῆλαι,
1262 2990 1378 3023 μιῆναι,
1402 2989 1551 3025 καθῆραι,
1579 2985 1663 3014 alios
1683 2986 1765 3013 natu
1786 2991 1862 3013 esse
1885 2982 2033 3012 maiores

219 3041 322 3072 quam
357 3035 545 3065 accusativi
577 3035 762 3066 terminum
799 3042 866 3069 -ᾶσ,
895 3036 1007 3066 Immo
1036 3037 1129 3066 haud
1153 3046 1239 3067 vana
1266 3037 1402 3068 videtur
1432 3037 1584 3076 suspicio
1617 3037 1720 3067 etiam
1751 3037 1865 3070 Ιάλσαι,
1895 3037 2035 3071 μιάνσαι,

217 3087 389 3126 καθάρσαι,
419 3085 546 3117 similia
576 3086 715 3118 Homeri
746 3090 860 3118 aetate
889 3088 924 3118 in
948 3088 1127 3119 hominum
1151 3098 1209 3119 ore
1232 3091 1371 3127 vixisse,
1396 3091 1543 3120 fort-asse
1566 3088 1635 3128 ipsi
1659 3090 1808 3119 Homero
1833 3096 1909 3118 esse
1934 3097 2032 3118 usui·-

219 3142 308 3177 pata.
442 3138 465 3169 d
488 3142 522 3169 Φ
547 3141 623 3176 347,
645 3149 722 3179 pag.
747 3141 788 3171 58
804 3140 834 3171 k.
967 3151 984 3171 e
1006 3142 1049 3173 Η.
1073 3141 1177 3172 Mero.
1203 3142 1277 3172 140.
