2234 3443
948 689 1043 739 IV.

386 843 507 913 DE
558 843 1020 914 FLEXIONE
1070 841 1612 919 VERBORUM.

859 1016 1064 1057 CAPUT
1094 1017 1123 1057 Ι.

430 1153 1051 1204 OBSERVATIONES
1087 1152 1550 1204 GENERALES.

620 1475 659 1514 Ι.
689 1475 760 1514 De
790 1475 1069 1514 verborum
1100 1476 1392 1524 generibus.

207 1595 236 1650 5
269 1596 371 1640 104.
404 1599 617 1638 Futurum
651 1600 817 1648 passivi
850 1601 894 1639 in
926 1598 1157 1650 -(θ)ήσομαι
1190 1602 1271 1639 cet.
1299 1601 1399 1648 post
1425 1601 1616 1638 aetatem
1643 1598 1823 1637 Homeri
1849 1598 1918 1635 est

89 1668 242 1706 natum
255 1673 288 1706 α.
323 1666 544 1716 Quaedam
576 1669 726 1707 tamen
759 1668 852 1707 eius
884 1668 1136 1707 rudimenta
1166 1668 1209 1706 in
1237 1667 1371 1716 epicis
1399 1666 1668 1706 carminibus
1693 1667 1918 1714 apparent.

90 1734 294 1773 Fortasse
325 1736 585 1783 usurpatum
617 1736 685 1774 est
715 1735 759 1774 in
790 1735 871 1774 hoc
903 1745 1057 1775 versu:

446 1797 530 1838 ἀλλ’
567 1799 629 1839 ὅτε
661 1800 710 1850 δὴ
741 1798 823 1851 τάχ’
859 1800 991 1850 ἔμελλε
1028 1801 1270 1853 μιγήσεσθαι
1302 1799 1565 1849 φυλάκεσσιό.

92 1868 175 1906 Sed
220 1869 428 1916 quoniam
475 1869 620 1908 aliena
665 1869 766 1908 inde
813 1872 881 1908 est
926 1871 1046 1909 notio
1089 1864 1254 1922 passivi
1297 1871 1340 1908 et
1380 1869 1424 1907 in
1465 1869 1671 1918 promptu
1711 1868 1780 1906 est
1810 1865 1921 1904 lenis

92 1936 303 1975 correctio
349 1936 654 1987 μιγάσσεσθαισ,
704 1937 813 1976 haec
857 1938 1005 1986 potius
1051 1937 1183 1976 verbo
1222 1936 1362 1985 figura
1401 1946 1426 1974 a
1462 1937 1592 1984 poeta
1623 1935 1794 1973 videtur
1826 1942 1923 1972 esse

94 2003 274 2042 tributa.

211 2070 427 2110 Futurum
474 2070 674 2120 δαήσομαι
706 2069 903 2109 discamd
931 2082 1034 2111 vero
1065 2071 1310 2110 luculenter
1342 2070 1534 2110 ostendit
1564 2069 1677 2108 unde
1711 2067 1923 2115 originem

94 2138 287 2187 ceperint
318 2137 469 2177 crebra
499 2138 576 2177 illa
606 2139 704 2177 aevi
735 2139 993 2178 recentioris
1025 2139 1173 2178 futura
1203 2139 1247 2177 in
1274 2137 1518 2187 -(θ)ήσομαι.
1543 2136 1654 2175 Nam
1673 2132 1924 2173 transitivae

93 2205 325 2255 potestatis
364 2206 498 2255 stirps
540 2205 590 2244 δα
622 2217 644 2245 e
676 2200 848 2245 docendi
880 2206 1011 2244 verbo
1043 2205 1286 2243 ὁι-δά-σκειν
1319 2205 1494 2253 cognita
1525 2204 1694 2254 peperit
1722 2196 1925 2241 intransi-

94 2266 223 2316 tivam
268 2273 453 2322 stirpem
500 2273 591 2323 δαη,
640 2284 695 2312 ex
741 2284 827 2321 qua
872 2275 1184 2322 procreverunt
1230 2273 1421 2312 aoristus
1468 2270 1643 2321 ἐ-δάη-ν,
1682 2270 1924 2320 perfectum

96 2339 324 2389 δε-δάη-κα,
362 2340 559 2380 futurum
602 2340 841 2390 δαή-σομαι;
884 2336 1031 2389 didici,
1065 2335 1238 2378 discam.
1272 2339 1482 2388 Congruit
1513 2339 1646 2387 igitur
1678 2347 1730 2376 ea
1766 2337 1928 2375 confor-

96 2407 248 2457 matio,
291 2417 376 2456 qua
415 2418 438 2447 e
475 2409 610 2457 stirpe
644 2423 711 2459 μιγ
743 2409 910 2447 factum
945 2410 1013 2447 est
1045 2423 1139 2458 μιγη
1173 2406 1342 2458 (ἐμίγην,
1373 2405 1607 2458 μιγήσομαι)
1641 2405 1710 2444 vel
1742 2415 1765 2444 e
1796 2405 1933 2453 stirpe

183 2549 204 2569 a
227 2540 417 2577 Postquam
450 2539 604 2569 futurum
638 2537 674 2568 in
705 2539 896 2578 -(θ)ήσομαι
928 2538 1091 2569 desinens
1122 2542 1175 2568 est
1200 2540 1334 2574 natum,
1359 2537 1508 2575 singulis
1531 2535 1647 2567 verbis
1666 2536 1732 2566 tria
1753 2536 1870 2565 futura
1894 2535 1928 2564 in

96 2604 168 2629 -μαι
192 2592 406 2622 concedebat
431 2592 560 2629 lingua.
592 2591 659 2621 Sed
691 2600 759 2621 non
793 2592 860 2621 nisi
888 2590 1010 2630 paucis
1040 2591 1254 2621 concedebat
1281 2590 1437 2629 ipsorum
1470 2592 1641 2628 potestas3
1674 2597 1750 2618 nam
1785 2588 1927 2625 alonge

95 2643 273 2682 plerisque
297 2645 357 2673 aut
378 2644 472 2673 notio
496 2644 641 2674 actionis
663 2644 871 2674 continuatae
895 2644 972 2681 (fut.
997 2645 1032 2673 in
1056 2642 1182 2683 -σομαι)
1209 2645 1268 2673 aut
1291 2644 1458 2682 temporis
1477 2643 1594 2679 aliquo
1606 2641 1751 2672 articulo
1763 2640 1929 2670 absolutae

96 2697 175 2733 (fut.
208 2697 244 2726 in
278 2697 453 2735 -θήσομαὴ
482 2698 542 2726 aut
563 2699 750 2737 perpetuum
778 2698 924 2738 effectum
955 2696 1101 2726 habentis
1134 2695 1213 2736 (fut.
1237 2694 1400 2736 perfecti)
1425 2696 1537 2725 aliena
1564 2697 1649 2725 erat.
1672 2695 1733 2724 Ex.
1757 2701 1823 2732 gr.:
1848 2700 1927 2722 cum

97 2752 288 2787 ττμήσοσθαι
312 2747 386 2780 sive
409 2748 600 2779 honoratum
619 2749 665 2779 iri
686 2753 805 2788 posset
828 2749 908 2788 dici,
922 2759 974 2779 ex.
988 2759 1037 2782 gr.
1051 2751 1111 2779 αἰεὶ
1126 2752 1300 2787 τιμήσεσθε
1313 2750 1485 2790 διαμπερὲσ
1500 2749 1602 2786 ἤματα
1614 2750 1716 2776 πάντα
1728 2746 1763 2776 h.
1775 2748 1838 2784 Ap.
1852 2746 1930 2780 485,

98 2811 167 2832 non
198 2803 442 2841 requirebatur
470 2803 617 2833 alterum
644 2803 799 2833 futurum
824 2806 1075 2841 τῑμηθήσεσθαι,
1102 2811 1170 2840 quo
1194 2801 1453 2840 significaretur
1476 2802 1550 2831 fore
1577 2800 1716 2838 quidem
1737 2800 1776 2828 ut
1798 2799 1928 2828 honore

100 2855 178 2893 quis
213 2854 422 2892 afficeretur,
456 2855 517 2885 sed
551 2865 614 2885 non
647 2855 901 2893 significaretur
932 2856 1004 2885 fore
1034 2857 1072 2884 ut
1101 2855 1210 2885 honor
1233 2855 1292 2885 ille
1317 2855 1348 2884 ei
1371 2855 1600 2893 permaneret.
1624 2853 1742 2890 Neque
1765 2851 1929 2881 utilitatis

100 2907 231 2946 aliquid
260 2907 413 2938 habebat
437 2908 592 2938 futurum
615 2910 841 2945 τετῖμήσεσθαι
866 2908 954 2937 sive:
971 2906 1053 2947 sore
1078 2909 1115 2937 ut
1138 2917 1175 2937 ea
1197 2906 1391 2943 condicione,
1418 2915 1499 2946 quae
1520 2907 1568 2935 est
1591 2904 1709 2935 honore
1728 2904 1928 2945 affectorum,

99 2959 133 2988 in
151 2961 343 2999 perpetuum
365 2961 511 2990 uteretur
533 2960 612 3000 quis.
638 2961 760 2996 Qualia
784 2962 844 2990 aut
866 2960 909 2990 ab
935 2959 1113 2990 hominum
1140 2960 1299 2996 cogitatis
1320 2962 1354 2990 et
1374 2967 1531 2989 sermone
1551 2955 1690 2988 omnino
1713 2957 1824 2986 aliena
1837 2958 1930 2994 sunt,

101 3014 161 3041 aut
193 3012 354 3051 pluribus
387 3013 532 3043 vocibus
568 3013 684 3051 aptius
716 3021 820 3051 quam
851 3021 920 3042 uno
955 3012 1060 3042 verbo
1087 3012 1340 3051 exprimuntur.
1474 3012 1490 3040 b
1514 3012 1546 3040 K
1570 3010 1646 3040 365.
1669 3009 1930 3048 Expectabatur

100 3062 259 3101 μίξεσθαι,
298 3068 338 3096 ut
363 3067 380 3100 ζ
406 3067 468 3095 136
494 3078 517 3095 ω
542 3066 618 3095 314.
753 3074 770 3095 c
793 3069 1236 3102 μιγασεσθαι-μιγεσοσθαι,
1259 3066 1430 3095 Praesens
1452 3065 1621 3101 μιγὰζομαι
1647 3062 1775 3100 legitur
1802 3065 1827 3091 θ
1853 3061 1929 3091 271.

236 3116 259 3147 d
282 3129 300 3154 γ
326 3119 389 3149 187
416 3129 433 3147 τ
458 3118 533 3152 325,
558 3118 576 3155 ξ
601 3118 678 3148 203.
