2234 3443
152 163 175 207 ἓ
211 161 252 206 2]
953 170 1006 199 DE
1039 169 1194 197 ΜΕΤΒΟ.
1925 161 1980 197 43

153 293 310 323 vocum
347 281 445 333 ιἰώσ,
476 278 570 333 εἶτα,
600 281 718 333 ἐστίν,
749 281 896 333 ἀὸμιίσ,
926 283 1081 331 longae
1111 285 1262 321 tamen
1296 292 1449 321 omnes
1474 282 1691 321 habentur
1716 283 1811 321 sine
1836 283 1982 322 discri-

153 350 285 390 mine.
320 349 436 400 Quae
468 350 520 390 de
551 361 761 389 mensura
792 350 1064 399 syllabarum
1098 349 1348 389 observatio
1381 359 1480 388 cum
1507 350 1550 388 in
1579 350 1983 397 universum—valet,

152 419 249 457 tum
289 418 335 457 in
377 418 512 466 epicis
552 418 813 467 praesertim
847 417 1117 456 carminibus
1146 418 1262 456 haud
1295 417 1443 465 exigui
1475 419 1544 455 est
1573 417 1803 457 momenti.
1834 417 1882 455 In
1915 417 1983 455 his

153 485 269 524 enim
304 485 471 524 multae
504 485 700 533 syllabae
733 484 889 524 breves
921 485 964 524 in
999 486 1087 523 arsi
1120 484 1356 524 collocatae
1387 484 1716 532 inveniuntura,
1747 484 1810 522 ita
1836 487 1884 522 ut
1910 486 1985 522 aut

151 554 233 592 trec
278 554 453 591 tantum
502 562 650 590 moras
691 552 853 591 habeat
893 561 984 601 pes,
1028 553 1106 590 aut
1136 556 1227 590 tres
1259 551 1359 590 illae
1390 551 1546 590 breves
1577 551 1772 599 syllabae
1803 552 1867 589 ita
1895 551 1986 589 sint

151 619 472 668 protrahendae
506 621 555 658 ut
586 620 853 658 coniunctim
889 621 1075 667 quatuor
1105 629 1330 658 morarum
1360 618 1567 667 expleant
1591 619 1797 667 spatium.
1827 619 1986 658 Multae

152 688 302 726 autem
347 686 535 739 vocales,
576 696 689 734 quae
732 697 786 726 ne
828 696 961 726 unam
995 687 1170 734 quidem
1203 696 1373 725 moram
1407 685 1645 735 explebant
1674 688 1827 735 totam,
1859 690 1984 724 extra

151 763 361 793 versuum
409 763 619 793 numeros
666 755 772 792 sunt
819 753 1056 793 collocatae
1105 755 1149 792 et
1194 753 1360 792 sensim
1402 752 1694 802 oblitteratae,
1736 753 1910 800 iamque
1941 753 1984 791 in

151 821 314 871 scripto
357 822 606 860 carminum
651 823 779 860 textu
821 830 906 860 non
945 822 1250 876 comparentes
1282 817 1518 870 syncopenb
1548 821 1618 860 vel
1649 821 1885 859 elisionemc
1916 820 1985 858 vel

151 884 433 938 aphaeresind
486 898 718 938 perpessae
773 898 870 928 esse
917 888 1132 928 dicuntur.
1181 888 1344 927 Multae
1390 889 1572 937 denique
1619 888 1828 936 syllabae,
1877 897 1987 935 quae

150 956 356 996 brevibus
398 956 573 1005 quidem
617 956 836 1004 longiores
877 958 1016 1005 erant,
1058 956 1134 994 sed
1177 956 1229 994 ad
1260 956 1490 1003 longarum
1523 956 1791 1004 syllabarum
1822 955 1984 993 iustam

151 1033 406 1063 mensuram
449 1025 524 1064 vix
565 1023 893 1073 perveniebant,
926 1033 1003 1072 pro
1035 1025 1265 1071 poetarum
1300 1023 1478 1062 arbitrio
1510 1023 1640 1062 modo
1670 1022 1826 1070 longae
1858 1022 1986 1061 modo

151 1090 306 1130 breves
336 1093 440 1131 sunt
471 1092 646 1130 habitae
660 1098 689 1130 e.

270 1158 353 1198 Sed
398 1160 693 1198 intricatiores
739 1158 820 1197 has
862 1160 1144 1206 quaestiones
1185 1159 1220 1197 si
1263 1158 1500 1204 mittimus,
1541 1157 1801 1196 Homericus
1832 1165 1986 1195 versus

150 1225 234 1265 dici
279 1228 426 1274 potest
472 1228 674 1266 constare
721 1236 743 1264 e
783 1226 968 1274 syllabis
1008 1226 1152 1274 longis
1195 1227 1238 1264 et
1273 1225 1491 1264 brevibus.
1524 1224 1678 1263 Thesis
1711 1225 1786 1262 aut
1817 1223 1985 1262 duabus

151 1293 359 1332 brevibus
391 1292 580 1333 efficitur
613 1295 690 1332 aut
722 1302 810 1332 una
841 1293 997 1342 longa;
1033 1303 1184 1332 arseos
1216 1293 1388 1341 syllaba
1419 1292 1551 1341 longa
1581 1301 1679 1330 esse
1710 1291 1835 1339 solet,
1869 1291 1983 1329 haud

149 1370 246 1400 raro
293 1363 443 1400 tamen
492 1361 635 1400 brevis
678 1363 759 1400 est.
804 1361 967 1400 Sextus
1008 1371 1083 1410 pes
1122 1372 1143 1400 e
1176 1360 1344 1399 duabus
1376 1369 1550 1408 semper
1582 1360 1756 1398 constat
1787 1358 1984 1406 syllabis,

151 1437 338 1476 quarum
370 1430 588 1477 posterior
619 1428 753 1476 longa
786 1430 862 1466 aut
892 1429 1040 1467 brevis
1072 1426 1182 1467 ests.
1879 1460 1880 1468 ,

269 1496 319 1534 In
361 1495 630 1534 alternandis
672 1497 823 1534 autem
866 1496 1048 1544 pedibus
1088 1495 1332 1544 trisyllabis
1363 1497 1405 1534 et
1438 1493 1665 1542 disyllabis
1696 1494 1848 1541 poetae
1879 1493 1988 1542 epici

152 1573 314 1612 magna
344 1562 548 1602 libertate
578 1565 683 1601 sunt
716 1563 799 1611 usi,
832 1563 887 1601 iis
912 1563 1020 1601 solis
1046 1562 1217 1611 legibus
1243 1562 1497 1601 obedientes
1526 1571 1634 1609 quas
1661 1561 1792 1599 metri
1818 1560 1985 1600 ferebat

151 1630 321 1670 indoles
353 1640 538 1670 auresve
569 1629 813 1669 suadebant
846 1631 1130 1669 exercitatae.
1163 1630 1287 1669 Modo
1319 1630 1453 1677 igitur
1486 1629 1643 1676 quinos
1670 1627 1867 1675 dactylos
1894 1638 1988 1667 con-

153 1699 399 1748 tinuarunt,
434 1708 502 1738 ex.
535 1709 620 1746 gr.:

506 1761 581 1804 εἴα’
619 1763 682 1803 ἐπὶ
720 1765 882 1816 σχεδίκσ
913 1763 1034 1804 ἁδινὰ
1066 1765 1304 1816 στενάχοντα
1336 1764 1545 1815 φέρεσθαι.

507 1832 576 1872 τὸν
607 1831 680 1883 μὲν
711 1832 844 1872 ἔπειτα
875 1834 1028 1873 θύελλα
1060 1830 1301 1873 διεσκέδασ’·
1335 1832 1462 1883 αὐτὰρ
1495 1831 1569 1884 ἐγώ
1601 1846 1644 1884 γε

504 1900 730 1951 νκχόμενοσ
760 1901 849 1939 τόδε
880 1904 1023 1951 λαῖτμα
1056 1900 1282 1952 διέτμαγον,
1313 1899 1420 1951 ὄφρα
1452 1914 1499 1950 με
1529 1899 1641 1950 γαίκι

508 1966 696 2016 ὑμετέρκι
729 1966 919 2007 ἐπέλασσε
949 1967 1084 2018 φέρων
1116 1967 1267 2018 ἅνεμόσ
1298 1982 1336 2006 τε
1367 1966 1432 2006 καὶ
1466 1966 1619 2017 ὕδωρθ,

149 2036 279 2076 modo
325 2045 478 2085 unum,
526 2035 647 2084 duos,
696 2038 800 2084 tres,
850 2038 1036 2083 quatuor
1084 2035 1190 2074 adeo
1237 2035 1453 2084 spondeos
1500 2035 1544 2072 in
1587 2033 1786 2082 singulos
1829 2041 1984 2071 versus

151 2103 445 2142 admiserunt.

269 2237 465 2287 Quinque
511 2237 554 2276 in
603 2247 740 2276 unum
788 2238 1097 2276 hexametrum
1145 2237 1362 2286 spondeos
1408 2237 1542 2286 recipi
1589 2234 1766 2274 vetabat
1814 2233 1984 2272 aurium

151 2305 378 2344 iudicium.
415 2304 465 2343 In
495 2305 621 2343 textu
655 2304 831 2353 quidem
865 2305 1110 2344 carminum
1144 2304 1368 2354 epicorum
1401 2304 1566 2353 aliquot
1597 2303 1803 2351 leguntur
1835 2310 1987 2340 versus

153 2383 175 2412 e
231 2372 378 2420 longis
424 2371 609 2420 syllabis
657 2375 914 2412 constantes
961 2372 1084 2421 solis,
1133 2372 1284 2420 quales
1331 2372 1491 2423 στίχουσ
1539 2368 1852 2410 ὁλοσπονδείουσ
1898 2369 1990 2407 sive

152 2438 391 2490 ἰσοχρόνουσ
431 2439 564 2488 prisci
604 2440 745 2479 critici
786 2450 871 2479 non
905 2437 1243 2489 improbarunth
1276 2442 1319 2479 et
1350 2440 1650 2479 Romanorum
1685 2440 1838 2486 poetae
1871 2438 1988 2474 vetu—

152 2507 326 2556 stiores,
359 2506 537 2545 Graecis
569 2507 785 2556 exemplis
818 2507 1001 2559 decepti,
1028 2507 1070 2546 in
1100 2517 1180 2546 sua
1207 2506 1407 2546 carmina
1431 2507 1529 2556 plus
1547 2507 1685 2546 semel
1703 2506 1990 2545 admiserunt.

157 2573 372 2623 Exemplo
403 2574 463 2614 sit
493 2573 623 2612 Ennii
657 2574 728 2613 hic
761 2584 938 2614 versus:

692 2641 760 2680 olli
791 2642 1003 2690 respondit
1035 2651 1111 2680 rem
1143 2641 1271 2680 Albai·
1298 2641 1443 2690 lonyai

160 2708 230 2748 vel
266 2708 450 2748 Catulli:

698 2771 772 2824 qui
804 2779 838 2814 te
871 2776 1044 2814 lenirem
1076 2777 1205 2826 nobis,
1239 2787 1320 2815 neu
1353 2774 1586 2815 conarere&

242 2981 262 3000 a
283 2969 303 3009 ξ
329 2971 471 3001 19-22.
606 2969 622 3000 b
647 2971 663 3009 5
692 2971 744 3001 12.
879 2980 896 3001 e
920 2971 937 3010 ἕ
965 2972 1017 3003 13.
1152 2970 1214 3010 d§
1243 2972 1316 3002 130.
1454 2980 1470 3001 e
1513 2971 1530 3008 ᾖ
1570 2970 1620 3002 14,
1659 2971 1711 3005 18,
1748 2970 1800 3007 25,
1843 2970 1988 3004 35—38‚

152 3023 331 3062 Weetphal
354 3021 491 3061 allgem.
516 3032 566 3061 gr.
591 3023 716 3054 Metrik
736 3025 812 3060 283,
835 3023 975 3054 vChrist
998 3021 1139 3054 Metrik²
1162 3024 1180 3062 ξ
1204 3025 1244 3055 10
1263 3032 1351 3062 sqq„
1374 3023 1517 3053 vHartel
1531 3023 1631 3053 Hom.
1645 3022 1790 3052 Studien
1804 3022 1898 3052 1408
1912 3029 1986 3058 sqq.

285 3075 309 3113 f
332 3074 523 3106 Trocluseum
547 3075 622 3118 (43)
645 3076 815 3107 vocabant
840 3075 979 3106 metrici
1003 3079 1148 3106 veteres.
1281 3086 1302 3115 q
1329 3088 1346 3114 η
1373 3075 1438 3105 274
1462 3083 1551 3113 sqq.,
1574 3076 1658 3105 item
1684 3077 1718 3104 Ψ
1743 3073 1920 3104 166-170
1945 3074 1988 3103 al·

286 3123 306 3153 Ιι
330 3122 470 3155 vChrist
493 3125 637 3156 Metrik2
668 3125 742 3155 194.
878 3124 890 3155 i
914 3123 1038 3155 Catuli.
1067 3125 1170 3156 CXVI
1195 3125 1224 3155 3.
