2234 3443
278 191 366 230 260
723 197 778 224 DE
811 196 1051 224 AUGMEN'ro
1084 196 1135 223 ΕΤ
1168 196 1222 223 DE
1254 195 1642 225 REDUPLICA'rroNE.
1943 189 1981 233 [ξ
2018 189 2100 227 130

396 312 579 360 Saepius
634 311 769 359 igitur
816 311 1080 358 usurpatum
1126 318 1260 356 quam
1308 308 1560 356 neglectum
1610 310 1677 347 est
1722 311 2010 357 augmentum
2056 313 2101 351 in

277 379 544 420 carminibus
589 378 765 427 epicisa,
813 377 986 415 facilius
1033 377 1183 414 autem
1231 377 1384 423 poetae
1431 375 1758 413 adducebantur
1809 378 1859 414 ut
1903 377 2101 416 vocalem

273 448 514 496 ‚augmento
547 445 779 494 temporali
812 445 1045 492 gravatam
1078 452 1154 490 pro
1187 442 1324 491 brevi,
1358 451 1490 489 quam
1524 444 1572 480 ut
1605 442 1868 490 syllabicum
1900 453 2106 492 augmen-

276 519 371 555 tum
404 525 480 564 pro
512 513 648 552 nihilo
680 511 892 550 haberent
905 507 934 549 b.

393 651 454 689 De
497 658 596 688 sono
641 646 872 685 verborum
919 645 1048 691 atque
1091 653 1298 682 versuum
1340 645 1487 682 actum
1529 645 1598 682 est
1638 645 1872 683 hactenus:
1904 655 2018 683 nunc
2051 645 2103 684 de

273 731 325 760 ea
366 728 476 767 quae
507 717 550 754 in
582 714 705 753 libris
737 714 804 751 est
840 721 990 750 eorum
1020 712 1162 759 ftyura
1193 711 1427 758 agendum.
1460 711 1620 749 Priscis
1651 712 1789 759 signis
1817 714 2102 760 augmentum

273 787 503 825 verborum
536 793 560 821 a
578 780 717 820 vocali
745 793 761 817 ε
782 779 852 817 vel
879 793 898 816 ο
924 778 1228 826 incipientium
1257 778 1395 816 oculis
1422 779 1593 816 ostendi
1615 788 1701 817 non
1720 781 1912 826 poterat;
1939 780 2102 834 itaque,

272 858 322 894 ut
363 851 606 901 proferatur
648 847 914 895 exemplum,
952 845 1123 884 litteras
1160 847 1362 884 vetustas
1393 847 1618 883 σακειελασε
1648 846 1763 884 inter
1794 848 1995 894 posteros
2032 846 2106 884 3111

273 917 553 968 interpretati
593 917 697 954 sunt
734 914 848 953 σάκεϊ
875 908 998 961 ἓ’λασ’,
1028 913 1103 951 3111
1134 908 1290 957 σάκε’(ϊ)
1320 909 1441 961 ἤλασε
1454 919 1482 951 ⁶.
1515 911 1743 950 Vocalium
1778 927 1790 949 ι
1824 915 1867 951 et
1897 928 1921 951 v
1954 915 2102 951 autem

275 995 483 1027 mensura
525 983 687 1031 scripto
724 980 906 1020 indicari
940 989 1182 1027 numquam
1217 979 1369 1027 potuit.
1405 979 1551 1026 Neque
1584 979 1818 1018 verborum
1849 990 1875 1018 a
1905 980 2046 1018 vocali
2076 994 2101 1016 α

272 1052 577 1103 incipientium
605 1051 892 1097 augmentum
912 1046 1015 1085 olim
1035 1047 1212 1094 signum
1240 1055 1367 1084 suum
1391 1046 1567 1093 habuit;
1595 1046 1742 1093 itaque
1759 1060 1909 1097 αγομεν
1929 1048 2104 1085 essetne

273 1119 422 1172 ἄγομεν
454 1117 757 1168 proferendum
792 1125 846 1153 an
880 1109 1042 1164 ἄγομεν,
1073 1113 1115 1151 id
1143 1123 1164 1151 e
1192 1113 1425 1151 verborum
1454 1114 1662 1152 contextu
1688 1115 1782 1151 erat
1809 1112 2100 1161 efficiendum,

275 1200 297 1228 e
334 1189 584 1227 litterarum
626 1183 778 1231 figuris
819 1180 932 1220 effici
972 1191 1058 1219 non
1089 1181 1273 1228 poterat,
1307 1181 1455 1228 epicae
1486 1182 1634 1218 autem
1664 1180 1869 1219 dictionis
1899 1182 2046 1219 utrum
2080 1196 2106 1218 κ

274 1268 329 1296 311
377 1265 400 1293 ᾶ
444 1254 602 1293 fuisset
649 1249 856 1298 quoniam
893 1248 1049 1286 multis
1088 1248 1132 1285 in
1175 1247 1355 1285 vocibus
1388 1249 1456 1285 est
1487 1247 1750 1296 dubitatum,
1784 1250 1826 1285 et
1855 1250 2103 1286 sturnorum

272 1333 433 1363 nomen
475 1318 731 1359 credebatur
770 1316 898 1355 modo
944 1321 1070 1365 ψᾶρεσ
1111 1315 1240 1353 1110ᾶο
1285 1320 1431 1363 ψῆρεσ,
1472 1314 1739 1352 adiectivum
1770 1317 1943 1362 pratum
1975 1316 2104 1354 modo

271 1388 455 1439 θῡμᾶρέσ
481 1387 611 1426 modo
638 1389 824 1433 θῡμῖιρεσ
848 1384 1002 1432 poetae
1030 1381 1232 1420 sonuisse
1246 1379 1278 1430 θ,
1308 1383 1425 1419 certo
1452 1381 1554 1419 sciri
1571 1390 1657 1419 non
1674 1382 1844 1429 poterat
1861 1382 2104 1422 dixissetne

273 1459 346 1497 ille
392 1455 483 1505 ἄρχε
530 1464 584 1493 an
630 1447 722 1502 ἆρχε
769 1452 864 1490 sive
908 1446 1014 1499 ἦρχε,
1058 1448 1189 1486 αἴδετο
1237 1459 1291 1487 an
1334 1444 1463 1486 ἅιόετο
1507 1449 1601 1487 Sive
1644 1447 1789 1487 ἔιδετο.
1837 1448 2105 1498 Quapropter

273 1526 451 1565 lectoris
481 1520 781 1562 hodierni-est
813 1518 1000 1566 singulis
1030 1517 1138 1555 locis
1169 1516 1432 1565 perpendere
1464 1516 1565 1563 quid
1596 1516 1707 1554 ferat
1733 1526 1840 1554 sano
1866 1517 1990 1566 ratio,
2020 1526 2105 1556 non

277 1594 378 1643 quid
411 1593 454 1630 in
488 1589 675 1638 singulis
707 1586 926 1626 codicibus
958 1585 1017 1623 sit
1043 1587 1290 1623 exaratum.

395 1657 663 1707 Syllabicum
709 1656 856 1693 autem
905 1654 1195 1700 augmentum
1243 1651 1317 1689 ubi
1359 1652 1486 1689 extra
1526 1660 1737 1689 versuum
1777 1660 1985 1690 numeros
2012 1653 2106 1689 erat

278 1727 553 1773 collocatum,
583 1723 774 1762 etiamne
800 1721 843 1759 in
873 1720 1028 1768 primis
1056 1718 1385 1766 exemplaribus
1411 1718 1494 1755 fuit
1521 1717 1752 1765 omissum,
1782 1718 1830 1755 ut
1853 1717 1899 1755 in
1924 1718 1977 1757 iis
1995 1728 2104 1765 quae

278 1796 330 1834 ad
363 1804 443 1832 nos
475 1789 797 1841 pervenerunt?
824 1788 871 1826 In
901 1786 1143 1834 Corcyraea
1175 1786 1362 1833 quadam
1396 1784 1679 1832 inscriptione
1711 1784 1817 1822 haec
1846 1784 2073 1833 leguntur:

631 1851 656 1907 ἦ
692 1856 795 1905 μάλα
823 1853 872 1903 δὴ
905 1852 994 1903 περὶ
1025 1856 1107 1891 σεῖο
1139 1852 1291 1903 λυγρὸμ
1322 1851 1474 1901 πότμον
1506 1850 1618 1889 ἔκλυε
1655 1851 1796 1901 πάτρα,

692 1921 818 1972 Ἀλκή,
850 1920 1093 1972 Ἀμφιλόχωγ
1122 1922 1216 1972 γαῖα
1247 1917 1605 1968 θρασυπτολέμων,

633 1990 799 2030 οὕνεκεν
822 1985 1075 2038 Ἰλλυριοῖσιν
1106 1983 1178 2036 ὑφ’
1215 1986 1475 2036 ἷππομάχοισι
1505 1985 1735 2035 δαμάσθησ·

691 2055 805 2095 ὀστέα
837 2052 870 2094 δ’
908 2055 950 2093 ἐν
981 2055 1107 2093 νάσωι
1139 2051 1239 2092 τᾶιὸ’
1281 2052 1412 2104 ἕταροι
1446 2052 1648 2103 ἐκτέρισαν
1662 2060 1691 2102 θ,

278 2130 351 2169 ubi
398 2128 510 2177 quod
556 2127 601 2164 in
648 2136 777 2164 versu
820 2125 973 2172 quarto
1016 2123 1229 2172 scriptum
1273 2124 1339 2160 est
1370 2119 1588 2171 ἐκτέρισαν,
1626 2121 1670 2159 id
1695 2116 1894 2170 ’κτέρισαυ
1924 2121 2109 2170 proferri

278 2198 398 2236 iubet
428 2197 645 2241 metrum;
680 2194 904 2241 praeterea
935 2191 979 2229 in
1016 2191 1157 2239 primo
1189 2199 1320 2229 versu
1352 2190 1480 2238 poeta
1511 2187 1664 2237 πότμον
1691 2183 1801 2226 ’κλύε
1826 2187 1909 2226 dici
1934 2187 2106 2225 videtur

277 2264 483 2303 voluisse.
533 2262 614 2300 Sed
662 2261 868 2309 quoniam
915 2260 959 2297 in
1006 2268 1137 2297 versu
1184 2258 1313 2296 tertio
1354 2257 1462 2295 haec
1504 2256 1615 2295 ratio
1655 2266 1741 2294 non
1784 2256 1956 2294 constat
1985 2255 2104 2293 etin

278 2330 468 2370 secundo
510 2328 748 2377 lapidarius
785 2328 927 2365 metro
960 2326 1158 2373 arguitur
1191 2321 1392 2372 errorisf,
1426 2323 1646 2372 epicorum
1678 2324 1827 2361 autem
1859 2322 2104 2361 carminum

278 2396 603 2445 exemplaribus
643 2394 941 2442 compluribus
972 2393 1042 2431 hic
1072 2392 1230 2431 titulus
1262 2393 1330 2430 est
1361 2391 1623 2440 recentiorq,
1654 2392 1851 2438 praestat
1879 2400 1965 2428 non
1996 2389 2102 2428 mul-

277 2468 373 2503 tum
407 2464 446 2502 ei
476 2463 695 2501 tribuisse.
724 2461 873 2499 Paullo
901 2461 999 2509 plus
1025 2461 1077 2498 ad
1106 2459 1456 2508 persuadendum
1484 2457 1603 2496 valet
1629 2457 1808 2496 Hesiodi
1833 2457 1903 2495 hic
1926 2466 2102 2496 versus:

574 2528 733 2579 ἐξέθορε
765 2527 964 2578 Χρυσάωρ
996 2541 1034 2565 τε
1066 2526 1190 2578 μέγασ
1221 2524 1285 2564 καὶ
1318 2527 1514 2576 Πήγασοσ
1545 2524 1668 2562 ἴπποσ
1681 2521 1715 2574 ll,

279 2669 428 2700 labicum
459 2677 526 2698 non
558 2665 624 2696 nisi
644 2674 785 2696 caesura
818 2666 983 2695 feminina
1008 2665 1042 2695 in
1068 2665 1291 2695 masculinam
1316 2666 1450 2694 mutata
1470 2665 1585 2702 potest
1608 2663 1699 2693 addi.
1723 2663 1818 2693 Inter
1841 2671 1961 2692 versus
1985 2670 2043 2692 eos
2067 2660 2102 2691 in

279 2723 404 2761 quibus
439 2723 663 2757 augmentum
697 2720 777 2756 post
814 2719 968 2748 vocalem
1004 2719 1203 2756 neglectum
1238 2720 1291 2747 est
1320 2718 1355 2746 hi
1388 2714 1591 2746 recensendi
1614 2718 1712 2746 erant
1734 2716 1861 2754 potius,
1885 2724 1963 2753 pag.
1986 2715 2049 2744 259
2064 2713 2101 2749 d;

279 2776 339 2806 ned
375 2773 644 2811 computationis
674 2779 809 2801 summa
843 2770 893 2800 sic
926 2780 992 2800 non
1024 2774 1190 2800 mutatur.
1222 2770 1319 2800 Idem
1352 2770 1483 2799 dictum
1517 2771 1590 2798 esto
1623 2769 1666 2798 (10
1690 2771 1876 2805 augmento
1907 2765 2103 2806 temporali.

411 2836 430 2855 a
455 2825 571 2854 Additi
596 2826 631 2853 et
651 2824 804 2860 neglecti
828 2822 1006 2869 augmenti
1031 2824 1189 2861 syllabici
1214 2823 1301 2852 ratio
1326 2824 1379 2851 eet
1393 2823 1461 2862 3s2‚
1476 2822 1677 2859 temporalis
1692 2822 1760 2855 2s1.
1894 2819 1910 2848 h
1934 2820 2101 2849 Locorum

280 2887 408 2912 eorum,
436 2878 495 2907 ubi
519 2875 652 2906 sontica
673 2879 849 2913 augmenti
870 2877 1020 2913 neglecti
1044 2885 1149 2906 causa
1173 2875 1319 2905 indicari
1343 2876 1474 2913 nequit,
1497 2875 1525 2903 si
1549 2875 1637 2904 ratio
1660 2873 1809 2903 habetur
1833 2873 1997 2906 solorum,
2019 2871 2106 2901 haec

567 2930 652 2958 1353
715 2928 799 2957 1140

282 2961 321 2988 iit
344 2958 537 2997 proportio:
566 2973 649 3015 W
675 2979 681 2985 .
703 2985 810 3014 10819

283 3038 379 3073 1914,
404 3036 522 3066 Kaibel
547 3038 665 3075 Epigr.
690 3038 765 3067 183.
891 3035 922 3075 f
938 3035 1019 3071 Leg.
1049 3037 1155 3072 Ἀλκήν
1179 3033 1320 3074 (vocat.;
1345 3042 1432 3063 corr.
1456 3032 1726 3069 vWilamowitz),
1750 3030 1942 3062 cuiusmodi
1964 3031 2102 3060 nomina

281 3088 423 3127 propria
448 3099 465 3119 e
489 3088 647 3126 Corcyra,
671 3088 896 3127 Dyrrhachio,
920 3086 1058 3116 aliunde
1084 3087 1221 3124 cognita
1245 3088 1337 3121 sunt,
1363 3084 1498 3115 Collilz.
1525 3086 1625 3114 3225.
1860 3093 1881 3122 q
1906 3082 2102 3112 Secundum

307 3144 363 3170 nte
388 3142 466 3171 Chr.
489 3141 664 3171 saeculum
688 3142 857 3178 attingere
881 3148 947 3169 non
972 3139 1118 3169 videtur.
1255 3137 1274 3167 Ιι
1298 3139 1379 3167 Hes.
1404 3138 1533 3175 Theog.
1558 3138 1632 3167 281.

837 2957 908 2986 eive
934 2955 1001 2996 211.
1125 2966 1140 2986 c
1167 2961 1194 2985 Υ
1217 2957 1293 2991 259,
1318 2964 1395 2993 pag.
1425 2955 1464 2984 77
1480 2955 1506 2984 b.
1653 2953 1676 2983 d
1697 2954 1714 2991 ξ
1736 2953 1754 2982 5
1779 2961 1830 2990 sq.
1976 2960 1992 2980 e
2015 2949 2101 2981 CIG.
