<?xml version="1.0" encoding="UTF-8"?>
<!DOCTYPE html PUBLIC "-//W3C//DTD XHTML 1.0 Transitional//EN"
    "http://www.w3.org/TR/xhtml1/DTD/xhtml1-transitional.dtd">
<html xmlns="http://www.w3.org/1999/xhtml" xml:lang="en" lang="en">
 <head>
  <title>
</title>
<meta http-equiv="Content-Type" content="text/html;charset=utf-8" />
  <meta name='ocr-system' content='tesseract 3.04.00' />
  <meta name='ocr-capabilities' content='ocr_page ocr_carea ocr_par ocr_line ocrx_word'/>
</head>
<body>
  <div class='ocr_page' id='page_1' title='image "./enchiridiumdicti00leeuuoft_0429.png"; bbox 0 0 2234 3443; ppageno 0'>
   <div class='ocr_carea' id='block_1_1' title="bbox 168 177 1983 224">
    <p class='ocr_par' dir='ltr' id='par_1_1' title="bbox 168 177 1983 224">
     <span class='ocr_line' id='line_1_1' title="bbox 168 177 1983 224; baseline -0.001 -9"><span class='ocrx_word' id='word_1_1' title='bbox 168 179 193 224; x_wconf 68' lang='grc'><strong>5</strong></span> <span class='ocrx_word' id='word_1_2' title='bbox 224 177 326 223; x_wconf 86' lang='grc'><strong>326]</strong></span> <span class='ocrx_word' id='word_1_3' title='bbox 832 185 886 212; x_wconf 80' lang='lat' dir='ltr'>DE</span> <span class='ocrx_word' id='word_1_4' title='bbox 918 184 1162 213; x_wconf 77' lang='lat' dir='ltr'>PARTmULA</span> <span class='ocrx_word' id='word_1_5' title='bbox 1195 177 1302 219; x_wconf 57' lang='grc' dir='ltr'>κευ).</span> <span class='ocrx_word' id='word_1_6' title='bbox 1900 177 1983 214; x_wconf 82' lang='grc'>405</span> 
     </span>
    </p>
   </div>
   <div class='ocr_carea' id='block_1_2' title="bbox 168 299 1991 1490">
    <p class='ocr_par' dir='ltr' id='par_1_2' title="bbox 168 299 1991 1087">
     <span class='ocr_line' id='line_1_2' title="bbox 287 299 1986 348; baseline 0 -10"><span class='ocrx_word' id='word_1_7' title='bbox 287 300 433 339; x_wconf 89' lang='lat' dir='ltr'>Primo</span> <span class='ocrx_word' id='word_1_8' title='bbox 487 300 586 348; x_wconf 89' lang='lat' dir='ltr'>post</span> <span class='ocrx_word' id='word_1_9' title='bbox 639 299 823 347; x_wconf 73' lang='lat' dir='ltr'>neyandi</span> <span class='ocrx_word' id='word_1_10' title='bbox 867 299 1124 347; x_wconf 83' lang='lat' dir='ltr'>particulam</span> <span class='ocrx_word' id='word_1_11' title='bbox 1172 299 1484 338; x_wconf 83' lang='lat' dir='ltr'>labefactatum</span> <span class='ocrx_word' id='word_1_12' title='bbox 1532 301 1600 338; x_wconf 87' lang='lat' dir='ltr'>est</span> <span class='ocrx_word' id='word_1_13' title='bbox 1639 303 1751 346; x_wconf 80' lang='grc' dir='ltr'>κε(ν),</span> <span class='ocrx_word' id='word_1_14' title='bbox 1795 310 1986 338; x_wconf 87' lang='lat' dir='ltr'>consona</span> 
     </span>
     <span class='ocr_line' id='line_1_3' title="bbox 170 365 1987 415; baseline -0.001 -9"><span class='ocrx_word' id='word_1_15' title='bbox 170 368 286 406; x_wconf 88' lang='lat' dir='ltr'>enim</span> <span class='ocrx_word' id='word_1_16' title='bbox 317 382 338 404; x_wconf 87' lang='grc' dir='ltr'><strong>κ</strong></span> <span class='ocrx_word' id='word_1_17' title='bbox 369 366 608 415; x_wconf 89' lang='lat' dir='ltr'>rhapsodos</span> <span class='ocrx_word' id='word_1_18' title='bbox 633 366 931 413; x_wconf 84' lang='lat' dir='ltr'>imprudentes</span> <span class='ocrx_word' id='word_1_19' title='bbox 964 366 1168 405; x_wconf 87' lang='lat' dir='ltr'>movebat</span> <span class='ocrx_word' id='word_1_20' title='bbox 1199 369 1249 405; x_wconf 89' lang='lat' dir='ltr'>ut</span> <span class='ocrx_word' id='word_1_21' title='bbox 1279 367 1434 415; x_wconf 80' lang='lat' dir='ltr'>priscis</span> <span class='ocrx_word' id='word_1_22' title='bbox 1461 366 1627 405; x_wconf 89' lang='lat' dir='ltr'>voculis</span> <span class='ocrx_word' id='word_1_23' title='bbox 1659 365 1708 405; x_wconf 76' lang='grc' dir='ltr'>οὔ</span> <span class='ocrx_word' id='word_1_24' title='bbox 1734 381 1802 405; x_wconf 83' lang='grc' dir='ltr'>κεν</span> <span class='ocrx_word' id='word_1_25' title='bbox 1828 367 1987 406; x_wconf 90' lang='lat' dir='ltr'>substi-</span> 
     </span>
     <span class='ocr_line' id='line_1_4' title="bbox 169 430 1984 483; baseline -0.001 -9"><span class='ocrx_word' id='word_1_26' title='bbox 169 436 344 474; x_wconf 80' lang='lat' dir='ltr'>tuerent</span> <span class='ocrx_word' id='word_1_27' title='bbox 383 435 500 473; x_wconf 91' lang='lat' dir='ltr'>vitae</span> <span class='ocrx_word' id='word_1_28' title='bbox 532 433 781 472; x_wconf 88' lang='lat' dir='ltr'>communis</span> <span class='ocrx_word' id='word_1_29' title='bbox 814 443 944 471; x_wconf 88' lang='lat' dir='ltr'>sonos</span> <span class='ocrx_word' id='word_1_30' title='bbox 976 432 1050 471; x_wconf 78' lang='grc' dir='ltr'>οὐκ</span> <span class='ocrx_word' id='word_1_31' title='bbox 1081 431 1174 472; x_wconf 72' lang='grc' dir='ltr'>ἄνα.</span> <span class='ocrx_word' id='word_1_32' title='bbox 1209 434 1368 472; x_wconf 84' lang='lat' dir='ltr'>Secuta</span> <span class='ocrx_word' id='word_1_33' title='bbox 1399 436 1502 472; x_wconf 85' lang='lat' dir='ltr'>sunt</span> <span class='ocrx_word' id='word_1_34' title='bbox 1533 430 1621 481; x_wconf 79' lang='grc' dir='ltr'><strong>ὄφρ’</strong></span> <span class='ocrx_word' id='word_1_35' title='bbox 1656 432 1706 471; x_wconf 75' lang='grc' dir='ltr'>ἄν</span> <span class='ocrx_word' id='word_1_36' title='bbox 1736 436 1779 472; x_wconf 86' lang='lat' dir='ltr'>et</span> <span class='ocrx_word' id='word_1_37' title='bbox 1810 434 1984 483; x_wconf 85' lang='lat' dir='ltr'>similia,</span> 
     </span>
     <span class='ocr_line' id='line_1_5' title="bbox 168 497 1985 550; baseline 0 -10"><span class='ocrx_word' id='word_1_38' title='bbox 168 512 279 550; x_wconf 87' lang='lat' dir='ltr'>quae</span> <span class='ocrx_word' id='word_1_39' title='bbox 324 511 409 540; x_wconf 89' lang='lat' dir='ltr'>non</span> <span class='ocrx_word' id='word_1_40' title='bbox 456 500 542 539; x_wconf 87' lang='lat' dir='ltr'>nisi</span> <span class='ocrx_word' id='word_1_41' title='bbox 587 510 719 538; x_wconf 88' lang='lat' dir='ltr'>unam</span> <span class='ocrx_word' id='word_1_42' title='bbox 761 510 998 539; x_wconf 91' lang='lat' dir='ltr'>consonam</span> <span class='ocrx_word' id='word_1_43' title='bbox 1048 510 1072 538; x_wconf 92' lang='lat' dir='ltr'>a</span> <span class='ocrx_word' id='word_1_44' title='bbox 1118 501 1273 548; x_wconf 84' lang='lat' dir='ltr'>priscis</span> <span class='ocrx_word' id='word_1_45' title='bbox 1311 498 1416 549; x_wconf 79' lang='grc' dir='ltr'><strong>ὄφρα</strong></span> <span class='ocrx_word' id='word_1_46' title='bbox 1457 497 1485 538; x_wconf 84' lang='grc' dir='ltr'>κ’</span> <span class='ocrx_word' id='word_1_47' title='bbox 1532 503 1633 540; x_wconf 88' lang='lat' dir='ltr'>cett.</span> <span class='ocrx_word' id='word_1_48' title='bbox 1667 501 1985 550; x_wconf 80' lang='lat' dir='ltr'>discrepantem</span> 
     </span>
     <span class='ocr_line' id='line_1_6' title="bbox 171 566 1987 616; baseline -0.002 -8"><span class='ocrx_word' id='word_1_49' title='bbox 171 569 401 608; x_wconf 82' lang='lat' dir='ltr'>habebant.</span> <span class='ocrx_word' id='word_1_50' title='bbox 432 568 540 606; x_wconf 87' lang='lat' dir='ltr'>Dein</span> <span class='ocrx_word' id='word_1_51' title='bbox 572 566 628 605; x_wconf 78' lang='grc' dir='ltr'>ὥσ</span> <span class='ocrx_word' id='word_1_52' title='bbox 659 580 726 604; x_wconf 84' lang='grc' dir='ltr'>κεν</span> <span class='ocrx_word' id='word_1_53' title='bbox 758 568 801 606; x_wconf 91' lang='lat' dir='ltr'>et</span> <span class='ocrx_word' id='word_1_54' title='bbox 831 573 917 604; x_wconf 83' lang='grc' dir='ltr'>πῶσ</span> <span class='ocrx_word' id='word_1_55' title='bbox 947 581 1014 604; x_wconf 81' lang='grc' dir='ltr'>κεν</span> <span class='ocrx_word' id='word_1_56' title='bbox 1041 568 1325 610; x_wconf 74' lang='lat' dir='ltr'>mutabantur</span> <span class='ocrx_word' id='word_1_57' title='bbox 1352 568 1394 606; x_wconf 93' lang='lat' dir='ltr'>in</span> <span class='ocrx_word' id='word_1_58' title='bbox 1429 568 1665 616; x_wconf 85' lang='lat' dir='ltr'>particulas</span> <span class='ocrx_word' id='word_1_59' title='bbox 1692 566 1747 605; x_wconf 86' lang='grc' dir='ltr'>ὡσ</span> <span class='ocrx_word' id='word_1_60' title='bbox 1774 567 1823 605; x_wconf 73' lang='grc' dir='ltr'>ἄν</span> <span class='ocrx_word' id='word_1_61' title='bbox 1841 572 1884 607; x_wconf 90' lang='lat' dir='ltr'>et</span> <span class='ocrx_word' id='word_1_62' title='bbox 1900 574 1987 605; x_wconf 85' lang='grc' dir='ltr'>πῶσ</span> 
     </span>
     <span class='ocr_line' id='line_1_7' title="bbox 171 634 1988 683; baseline 0 -10"><span class='ocrx_word' id='word_1_63' title='bbox 171 635 220 673; x_wconf 76' lang='grc' dir='ltr'>ἄν</span> <span class='ocrx_word' id='word_1_64' title='bbox 261 637 401 675; x_wconf 88' lang='lat' dir='ltr'>metro</span> <span class='ocrx_word' id='word_1_65' title='bbox 441 645 576 682; x_wconf 89' lang='lat' dir='ltr'>aeque</span> <span class='ocrx_word' id='word_1_66' title='bbox 616 635 724 674; x_wconf 88' lang='lat' dir='ltr'>bene</span> <span class='ocrx_word' id='word_1_67' title='bbox 767 636 1089 673; x_wconf 88' lang='lat' dir='ltr'>convenientes.</span> <span class='ocrx_word' id='word_1_68' title='bbox 1131 635 1364 683; x_wconf 78' lang='lat' dir='ltr'>Aliquanto</span> <span class='ocrx_word' id='word_1_69' title='bbox 1401 635 1565 674; x_wconf 86' lang='lat' dir='ltr'>diutius</span> <span class='ocrx_word' id='word_1_70' title='bbox 1603 634 1623 673; x_wconf 80' lang='grc' dir='ltr'>ὅ</span> <span class='ocrx_word' id='word_1_71' title='bbox 1653 650 1721 673; x_wconf 84' lang='grc' dir='ltr'>κεν</span> <span class='ocrx_word' id='word_1_72' title='bbox 1753 638 1796 674; x_wconf 89' lang='lat' dir='ltr'>et</span> <span class='ocrx_word' id='word_1_73' title='bbox 1826 636 1988 674; x_wconf 82' lang='lat' dir='ltr'>similia</span> 
     </span>
     <span class='ocr_line' id='line_1_8' title="bbox 170 698 1989 751; baseline -0.001 -9"><span class='ocrx_word' id='word_1_74' title='bbox 170 704 336 742; x_wconf 87' lang='lat' dir='ltr'>intacta</span> <span class='ocrx_word' id='word_1_75' title='bbox 376 703 593 741; x_wconf 89' lang='lat' dir='ltr'>mansisse</span> <span class='ocrx_word' id='word_1_76' title='bbox 633 701 849 750; x_wconf 90' lang='lat' dir='ltr'>videntur,</span> <span class='ocrx_word' id='word_1_77' title='bbox 891 711 1000 748; x_wconf 91' lang='lat' dir='ltr'>quae</span> <span class='ocrx_word' id='word_1_78' title='bbox 1031 702 1074 740; x_wconf 90' lang='lat' dir='ltr'>in</span> <span class='ocrx_word' id='word_1_79' title='bbox 1106 698 1152 740; x_wconf 77' lang='grc' dir='ltr'>ὅσ</span> <span class='ocrx_word' id='word_1_80' title='bbox 1184 701 1232 738; x_wconf 76' lang='grc' dir='ltr'>ἅν</span> <span class='ocrx_word' id='word_1_81' title='bbox 1266 704 1367 743; x_wconf 89' lang='lat' dir='ltr'>cett.</span> <span class='ocrx_word' id='word_1_82' title='bbox 1399 702 1516 741; x_wconf 89' lang='lat' dir='ltr'>abire</span> <span class='ocrx_word' id='word_1_83' title='bbox 1552 712 1637 741; x_wconf 89' lang='lat' dir='ltr'>non</span> <span class='ocrx_word' id='word_1_84' title='bbox 1670 704 1873 751; x_wconf 87' lang='lat' dir='ltr'>poterant</span> <span class='ocrx_word' id='word_1_85' title='bbox 1903 703 1989 742; x_wconf 90' lang='lat' dir='ltr'>nisi</span> 
     </span>
     <span class='ocr_line' id='line_1_9' title="bbox 172 767 1991 818; baseline -0.001 -9"><span class='ocrx_word' id='word_1_86' title='bbox 172 773 354 818; x_wconf 89' lang='lat' dir='ltr'>utraque</span> <span class='ocrx_word' id='word_1_87' title='bbox 385 780 490 809; x_wconf 91' lang='lat' dir='ltr'>voce</span> <span class='ocrx_word' id='word_1_88' title='bbox 516 770 700 808; x_wconf 88' lang='lat' dir='ltr'>mutata.</span> <span class='ocrx_word' id='word_1_89' title='bbox 734 768 836 806; x_wconf 86' lang='lat' dir='ltr'>Sero</span> <span class='ocrx_word' id='word_1_90' title='bbox 868 768 1044 807; x_wconf 88' lang='lat' dir='ltr'>demum</span> <span class='ocrx_word' id='word_1_91' title='bbox 1078 769 1257 808; x_wconf 85' lang='lat' dir='ltr'>voculae</span> <span class='ocrx_word' id='word_1_92' title='bbox 1288 767 1339 818; x_wconf 74' lang='grc' dir='ltr'>ἢν</span> <span class='ocrx_word' id='word_1_93' title='bbox 1371 771 1414 808; x_wconf 90' lang='lat' dir='ltr'>et</span> <span class='ocrx_word' id='word_1_94' title='bbox 1445 767 1559 818; x_wconf 72' lang='grc' dir='ltr'><em>ἐπήν,</em></span> <span class='ocrx_word' id='word_1_95' title='bbox 1590 780 1644 808; x_wconf 85' lang='lat' dir='ltr'>ex</span> <span class='ocrx_word' id='word_1_96' title='bbox 1678 769 1711 807; x_wconf 81' lang='grc' dir='ltr'>εἰ</span> <span class='ocrx_word' id='word_1_97' title='bbox 1741 767 1791 807; x_wconf 76' lang='grc' dir='ltr'>ἅν</span> <span class='ocrx_word' id='word_1_98' title='bbox 1831 772 1872 808; x_wconf 88' lang='lat' dir='ltr'>et</span> <span class='ocrx_word' id='word_1_99' title='bbox 1904 768 1991 807; x_wconf 80' lang='grc' dir='ltr'><strong><em>ἐπεί</em></strong></span> 
     </span>
     <span class='ocr_line' id='line_1_10' title="bbox 171 834 1986 886; baseline 0.001 -12"><span class='ocrx_word' id='word_1_100' title='bbox 171 836 221 874; x_wconf 69' lang='grc' dir='ltr'>ἄν</span> <span class='ocrx_word' id='word_1_101' title='bbox 252 840 382 876; x_wconf 87' lang='lat' dir='ltr'>natae</span> <span class='ocrx_word' id='word_1_102' title='bbox 413 838 456 875; x_wconf 88' lang='lat' dir='ltr'>et</span> <span class='ocrx_word' id='word_1_103' title='bbox 487 838 661 884; x_wconf 90' lang='lat' dir='ltr'>propter</span> <span class='ocrx_word' id='word_1_104' title='bbox 691 837 1035 875; x_wconf 86' lang='lat' dir='ltr'>contractionem</span> <span class='ocrx_word' id='word_1_105' title='bbox 1063 837 1156 876; x_wconf 90' lang='lat' dir='ltr'>sive</span> <span class='ocrx_word' id='word_1_106' title='bbox 1183 838 1324 876; x_wconf 80' lang='lat' dir='ltr'>cra-sin</span> <span class='ocrx_word' id='word_1_107' title='bbox 1347 837 1399 876; x_wconf 90' lang='lat' dir='ltr'>ab</span> <span class='ocrx_word' id='word_1_108' title='bbox 1425 838 1547 886; x_wconf 88' lang='lat' dir='ltr'>epica</span> <span class='ocrx_word' id='word_1_109' title='bbox 1572 838 1760 876; x_wconf 80' lang='lat' dir='ltr'>dictione</span> <span class='ocrx_word' id='word_1_110' title='bbox 1778 838 1945 877; x_wconf 90' lang='lat' dir='ltr'>alienae</span> <span class='ocrx_word' id='word_1_111' title='bbox 1957 834 1986 886; x_wconf 73' lang='lat' dir='ltr'>b,</span> 
     </span>
     <span class='ocr_line' id='line_1_11' title="bbox 171 900 1986 953; baseline 0 -10"><span class='ocrx_word' id='word_1_112' title='bbox 171 906 215 943; x_wconf 90' lang='lat' dir='ltr'>in</span> <span class='ocrx_word' id='word_1_113' title='bbox 247 905 389 943; x_wconf 89' lang='lat' dir='ltr'>locum</span> <span class='ocrx_word' id='word_1_114' title='bbox 421 903 662 952; x_wconf 85' lang='lat' dir='ltr'>priscarum</span> <span class='ocrx_word' id='word_1_115' title='bbox 686 902 733 940; x_wconf 81' lang='grc' dir='ltr'>αἴ</span> <span class='ocrx_word' id='word_1_116' title='bbox 751 900 834 948; x_wconf 84' lang='grc' dir='ltr'>κ’(ε)</span> <span class='ocrx_word' id='word_1_117' title='bbox 862 906 906 942; x_wconf 90' lang='lat' dir='ltr'>et</span> <span class='ocrx_word' id='word_1_118' title='bbox 932 902 1019 941; x_wconf 76' lang='grc' dir='ltr'><em>ἐπεί</em></span> <span class='ocrx_word' id='word_1_119' title='bbox 1041 900 1124 949; x_wconf 84' lang='grc' dir='ltr'>κ’(ε)</span> <span class='ocrx_word' id='word_1_120' title='bbox 1152 907 1256 943; x_wconf 90' lang='lat' dir='ltr'>sunt</span> <span class='ocrx_word' id='word_1_121' title='bbox 1273 906 1497 953; x_wconf 85' lang='lat' dir='ltr'>receptae;</span> <span class='ocrx_word' id='word_1_122' title='bbox 1526 906 1789 953; x_wconf 88' lang='lat' dir='ltr'>quapropter</span> <span class='ocrx_word' id='word_1_123' title='bbox 1806 905 1986 943; x_wconf 91' lang='lat' dir='ltr'>dubium</span> 
     </span>
     <span class='ocr_line' id='line_1_12' title="bbox 169 971 1987 1020; baseline -0.001 -9"><span class='ocrx_word' id='word_1_124' title='bbox 169 982 255 1011; x_wconf 91' lang='lat' dir='ltr'>non</span> <span class='ocrx_word' id='word_1_125' title='bbox 304 973 371 1010; x_wconf 89' lang='lat' dir='ltr'>est</span> <span class='ocrx_word' id='word_1_126' title='bbox 415 971 517 1018; x_wconf 90' lang='lat' dir='ltr'>quin</span> <span class='ocrx_word' id='word_1_127' title='bbox 563 981 718 1010; x_wconf 88' lang='lat' dir='ltr'>versus</span> <span class='ocrx_word' id='word_1_128' title='bbox 762 971 848 1020; x_wconf 91' lang='lat' dir='ltr'>ille,</span> <span class='ocrx_word' id='word_1_129' title='bbox 891 972 1002 1010; x_wconf 91' lang='lat' dir='ltr'>unde</span> <span class='ocrx_word' id='word_1_130' title='bbox 1044 972 1151 1011; x_wconf 86' lang='lat' dir='ltr'>haec</span> <span class='ocrx_word' id='word_1_131' title='bbox 1182 972 1418 1020; x_wconf 88' lang='lat' dir='ltr'>disputatio</span> <span class='ocrx_word' id='word_1_132' title='bbox 1450 972 1624 1010; x_wconf 88' lang='lat' dir='ltr'>initium</span> <span class='ocrx_word' id='word_1_133' title='bbox 1656 971 1822 1020; x_wconf 82' lang='lat' dir='ltr'>habuit,</span> <span class='ocrx_word' id='word_1_134' title='bbox 1856 971 1987 1010; x_wconf 89' lang='lat' dir='ltr'>etiam</span> 
     </span>
     <span class='ocr_line' id='line_1_13' title="bbox 172 1037 1590 1087; baseline -0.001 -9"><span class='ocrx_word' id='word_1_135' title='bbox 172 1039 325 1078; x_wconf 82' lang='lat' dir='ltr'>multis</span> <span class='ocrx_word' id='word_1_136' title='bbox 353 1037 542 1077; x_wconf 89' lang='lat' dir='ltr'>saeculis</span> <span class='ocrx_word' id='word_1_137' title='bbox 571 1040 670 1086; x_wconf 87' lang='lat' dir='ltr'>post</span> <span class='ocrx_word' id='word_1_138' title='bbox 700 1040 887 1076; x_wconf 87' lang='lat' dir='ltr'>mortem</span> <span class='ocrx_word' id='word_1_139' title='bbox 920 1040 1072 1087; x_wconf 86' lang='lat' dir='ltr'>poetae</span> <span class='ocrx_word' id='word_1_140' title='bbox 1103 1039 1165 1078; x_wconf 88' lang='lat' dir='ltr'>sic</span> <span class='ocrx_word' id='word_1_141' title='bbox 1195 1039 1327 1078; x_wconf 85' lang='lat' dir='ltr'>fuerit</span> <span class='ocrx_word' id='word_1_142' title='bbox 1357 1040 1590 1078; x_wconf 88' lang='lat' dir='ltr'>recitatus:</span> 
     </span>
    </p>

    <p class='ocr_par' dir='ltr' id='par_1_3' title="bbox 171 1102 1855 1223">
     <span class='ocr_line' id='line_1_14' title="bbox 489 1102 1694 1155; baseline 0 -13"><span class='ocrx_word' id='word_1_143' title='bbox 489 1102 621 1152; x_wconf 72' lang='grc' dir='ltr'><strong><em>ὄψεαι,</em></strong></span> <span class='ocrx_word' id='word_1_144' title='bbox 651 1102 704 1144; x_wconf 78' lang='grc' dir='ltr'>αἶ</span> <span class='ocrx_word' id='word_1_145' title='bbox 732 1102 774 1144; x_wconf 81' lang='grc' dir='ltr'>κ’</span> <span class='ocrx_word' id='word_1_146' title='bbox 800 1104 1019 1154; x_wconf 77' lang='grc' dir='ltr'><em>ἐθέληισθα</em></span> <span class='ocrx_word' id='word_1_147' title='bbox 1052 1104 1117 1143; x_wconf 78' lang='grc' dir='ltr'>καὶ</span> <span class='ocrx_word' id='word_1_148' title='bbox 1148 1103 1201 1146; x_wconf 76' lang='grc' dir='ltr'>αἴ</span> <span class='ocrx_word' id='word_1_149' title='bbox 1230 1104 1307 1146; x_wconf 79' lang='grc' dir='ltr'>κὲν</span> <span class='ocrx_word' id='word_1_150' title='bbox 1342 1121 1399 1144; x_wconf 70' lang='grc' dir='ltr'>τοι</span> <span class='ocrx_word' id='word_1_151' title='bbox 1431 1105 1478 1143; x_wconf 85' lang='grc' dir='ltr'>τὰ</span> <span class='ocrx_word' id='word_1_152' title='bbox 1510 1105 1694 1155; x_wconf 81' lang='grc' dir='ltr'><em>μεμήληι,</em></span> 
     </span>
     <span class='ocr_line' id='line_1_15' title="bbox 171 1171 1855 1223; baseline -0.001 -11"><span class='ocrx_word' id='word_1_153' title='bbox 171 1174 361 1213; x_wconf 87' lang='lat' dir='ltr'>recentis</span> <span class='ocrx_word' id='word_1_154' title='bbox 392 1174 539 1211; x_wconf 88' lang='lat' dir='ltr'>autem</span> <span class='ocrx_word' id='word_1_155' title='bbox 573 1173 754 1220; x_wconf 87' lang='lat' dir='ltr'>originis</span> <span class='ocrx_word' id='word_1_156' title='bbox 784 1173 843 1210; x_wconf 87' lang='lat' dir='ltr'>sit</span> <span class='ocrx_word' id='word_1_157' title='bbox 873 1173 914 1210; x_wconf 90' lang='lat' dir='ltr'>id</span> <span class='ocrx_word' id='word_1_158' title='bbox 946 1173 1058 1220; x_wconf 87' lang='lat' dir='ltr'>quod</span> <span class='ocrx_word' id='word_1_159' title='bbox 1089 1174 1142 1211; x_wconf 91' lang='lat' dir='ltr'>ad</span> <span class='ocrx_word' id='word_1_160' title='bbox 1174 1183 1253 1212; x_wconf 89' lang='lat' dir='ltr'>nos</span> <span class='ocrx_word' id='word_1_161' title='bbox 1285 1174 1506 1221; x_wconf 87' lang='lat' dir='ltr'>pervenit:</span> <span class='ocrx_word' id='word_1_162' title='bbox 1540 1171 1590 1223; x_wconf 72' lang='grc' dir='ltr'>ἢν</span> <span class='ocrx_word' id='word_1_163' title='bbox 1622 1171 1855 1221; x_wconf 77' lang='grc' dir='ltr'><strong><em>ἐθέληισθα.</em></strong></span> 
     </span>
    </p>

    <p class='ocr_par' dir='ltr' id='par_1_4' title="bbox 168 1239 1990 1490">
     <span class='ocr_line' id='line_1_16' title="bbox 292 1239 1988 1290; baseline -0.001 -12"><span class='ocrx_word' id='word_1_164' title='bbox 292 1239 407 1289; x_wconf 82' lang='lat' dir='ltr'>Quae</span> <span class='ocrx_word' id='word_1_165' title='bbox 458 1249 527 1278; x_wconf 90' lang='lat' dir='ltr'>res</span> <span class='ocrx_word' id='word_1_166' title='bbox 564 1241 607 1277; x_wconf 89' lang='lat' dir='ltr'>et</span> <span class='ocrx_word' id='word_1_167' title='bbox 648 1249 702 1277; x_wconf 83' lang='lat' dir='ltr'>ex</span> <span class='ocrx_word' id='word_1_168' title='bbox 743 1239 1068 1287; x_wconf 82' lang='lat' dir='ltr'>exemplaribus</span> <span class='ocrx_word' id='word_1_169' title='bbox 1109 1251 1241 1279; x_wconf 89' lang='lat' dir='ltr'>manu</span> <span class='ocrx_word' id='word_1_170' title='bbox 1284 1241 1458 1290; x_wconf 89' lang='lat' dir='ltr'>scriptis</span> <span class='ocrx_word' id='word_1_171' title='bbox 1499 1243 1644 1289; x_wconf 89' lang='lat' dir='ltr'>potest</span> <span class='ocrx_word' id='word_1_172' title='bbox 1684 1240 1988 1279; x_wconf 89' lang='lat' dir='ltr'>demonstrari.</span> 
     </span>
     <span class='ocr_line' id='line_1_17' title="bbox 173 1306 1989 1356; baseline -0.001 -10"><span class='ocrx_word' id='word_1_173' title='bbox 173 1307 281 1346; x_wconf 81' lang='lat' dir='ltr'>Nam</span> <span class='ocrx_word' id='word_1_174' title='bbox 315 1307 356 1346; x_wconf 92' lang='lat' dir='ltr'>id</span> <span class='ocrx_word' id='word_1_175' title='bbox 389 1306 501 1354; x_wconf 87' lang='lat' dir='ltr'>quod</span> <span class='ocrx_word' id='word_1_176' title='bbox 532 1307 755 1354; x_wconf 89' lang='lat' dir='ltr'>poscimus</span> <span class='ocrx_word' id='word_1_177' title='bbox 787 1307 828 1344; x_wconf 92' lang='lat' dir='ltr'>in</span> <span class='ocrx_word' id='word_1_178' title='bbox 862 1307 996 1345; x_wconf 91' lang='lat' dir='ltr'>Iliade</span> <span class='ocrx_word' id='word_1_179' title='bbox 1024 1308 1196 1354; x_wconf 90' lang='lat' dir='ltr'>quidem</span> <span class='ocrx_word' id='word_1_180' title='bbox 1226 1308 1301 1346; x_wconf 84' lang='lat' dir='ltr'>vix</span> <span class='ocrx_word' id='word_1_181' title='bbox 1328 1308 1416 1346; x_wconf 88' lang='lat' dir='ltr'>iam</span> <span class='ocrx_word' id='word_1_182' title='bbox 1445 1309 1706 1356; x_wconf 68' lang='lat' dir='ltr'>comparetc,</span> <span class='ocrx_word' id='word_1_183' title='bbox 1736 1307 1811 1345; x_wconf 91' lang='lat' dir='ltr'>sed</span> <span class='ocrx_word' id='word_1_184' title='bbox 1829 1307 1989 1355; x_wconf 89' lang='lat' dir='ltr'>legitur</span> 
     </span>
     <span class='ocr_line' id='line_1_18' title="bbox 170 1373 1990 1423; baseline -0.001 -10"><span class='ocrx_word' id='word_1_185' title='bbox 170 1375 283 1423; x_wconf 88' lang='lat' dir='ltr'>apud</span> <span class='ocrx_word' id='word_1_186' title='bbox 315 1374 539 1413; x_wconf 88' lang='lat' dir='ltr'>Platonem</span> <span class='ocrx_word' id='word_1_187' title='bbox 572 1373 756 1412; x_wconf 86' lang='lat' dir='ltr'>Achillis</span> <span class='ocrx_word' id='word_1_188' title='bbox 785 1373 891 1411; x_wconf 87' lang='lat' dir='ltr'>haec</span> <span class='ocrx_word' id='word_1_189' title='bbox 923 1373 1054 1412; x_wconf 86' lang='lat' dir='ltr'>verba</span> <span class='ocrx_word' id='word_1_190' title='bbox 1084 1374 1339 1413; x_wconf 84' lang='lat' dir='ltr'>afferentem</span> <span class='ocrx_word' id='word_1_191' title='bbox 1353 1376 1386 1423; x_wconf 85' lang='lat' dir='ltr'>d,</span> <span class='ocrx_word' id='word_1_192' title='bbox 1419 1384 1497 1413; x_wconf 91' lang='lat' dir='ltr'>nec</span> <span class='ocrx_word' id='word_1_193' title='bbox 1529 1385 1614 1413; x_wconf 91' lang='lat' dir='ltr'>non</span> <span class='ocrx_word' id='word_1_194' title='bbox 1647 1384 1671 1412; x_wconf 91' lang='lat' dir='ltr'>a</span> <span class='ocrx_word' id='word_1_195' title='bbox 1702 1374 1990 1422; x_wconf 86' lang='lat' dir='ltr'>grammatico</span> 
     </span>
     <span class='ocr_line' id='line_1_19' title="bbox 168 1440 1989 1490; baseline -0.001 -10"><span class='ocrx_word' id='word_1_196' title='bbox 168 1442 359 1490; x_wconf 86' lang='lat' dir='ltr'>quodam</span> <span class='ocrx_word' id='word_1_197' title='bbox 401 1441 465 1479; x_wconf 89' lang='lat' dir='ltr'>sic</span> <span class='ocrx_word' id='word_1_198' title='bbox 496 1443 564 1479; x_wconf 86' lang='lat' dir='ltr'>est</span> <span class='ocrx_word' id='word_1_199' title='bbox 595 1441 778 1479; x_wconf 88' lang='lat' dir='ltr'>citatum</span> <span class='ocrx_word' id='word_1_200' title='bbox 792 1447 827 1487; x_wconf 75' lang='grc' dir='ltr'>ι’;</span> <span class='ocrx_word' id='word_1_201' title='bbox 861 1440 956 1479; x_wconf 77' lang='lat' dir='ltr'>aliis</span> <span class='ocrx_word' id='word_1_202' title='bbox 992 1444 1140 1480; x_wconf 88' lang='lat' dir='ltr'>autem</span> <span class='ocrx_word' id='word_1_203' title='bbox 1172 1441 1321 1480; x_wconf 82' lang='lat' dir='ltr'>Iliadis</span> <span class='ocrx_word' id='word_1_204' title='bbox 1353 1444 1397 1480; x_wconf 91' lang='lat' dir='ltr'>et</span> <span class='ocrx_word' id='word_1_205' title='bbox 1428 1441 1648 1489; x_wconf 87' lang='lat' dir='ltr'>Odysseae</span> <span class='ocrx_word' id='word_1_206' title='bbox 1684 1440 1791 1480; x_wconf 92' lang='lat' dir='ltr'>locis</span> <span class='ocrx_word' id='word_1_207' title='bbox 1822 1440 1989 1480; x_wconf 90' lang='lat' dir='ltr'>duobus</span> 
     </span>
    </p>
   </div>
   <div class='ocr_carea' id='block_1_3' title="bbox 175 1540 324 1544">
    <p class='ocr_par' dir='ltr' id='par_1_5' title="bbox 175 1540 324 1544">
     <span class='ocr_line' id='line_1_20' title="bbox 175 1540 324 1544; baseline 0 0"><span class='ocrx_word' id='word_1_208' title='bbox 175 1540 324 1544; x_wconf 95' lang='lat' dir='ltr'> </span> 
     </span>
    </p>
   </div>
   <div class='ocr_carea' id='block_1_4' title="bbox 327 1540 503 1544">
    <p class='ocr_par' dir='ltr' id='par_1_6' title="bbox 327 1540 503 1544">
     <span class='ocr_line' id='line_1_21' title="bbox 327 1540 503 1544; baseline 0 0"><span class='ocrx_word' id='word_1_209' title='bbox 327 1540 503 1544; x_wconf 95' lang='lat' dir='ltr'> </span> 
     </span>
    </p>
   </div>
   <div class='ocr_carea' id='block_1_5' title="bbox 171 1603 1993 3168">
    <p class='ocr_par' dir='ltr' id='par_1_7' title="bbox 171 1603 1993 2585">
     <span class='ocr_line' id='line_1_22' title="bbox 260 1603 1989 1643; baseline 0 -9"><span class='ocrx_word' id='word_1_210' title='bbox 260 1614 280 1633; x_wconf 91' lang='lat' dir='ltr'>a</span> <span class='ocrx_word' id='word_1_211' title='bbox 304 1605 358 1634; x_wconf 81' lang='lat' dir='ltr'>Sic</span> <span class='ocrx_word' id='word_1_212' title='bbox 382 1604 525 1634; x_wconf 71' lang='lat' dir='ltr'>solvitur</span> <span class='ocrx_word' id='word_1_213' title='bbox 550 1605 707 1642; x_wconf 88' lang='lat' dir='ltr'>aenigma</span> <span class='ocrx_word' id='word_1_214' title='bbox 735 1605 778 1634; x_wconf 90' lang='lat' dir='ltr'>ab</span> <span class='ocrx_word' id='word_1_215' title='bbox 802 1605 1004 1634; x_wconf 88' lang='lat' dir='ltr'>Eberhardo</span> <span class='ocrx_word' id='word_1_216' title='bbox 1026 1605 1060 1634; x_wconf 93' lang='lat' dir='ltr'>in</span> <span class='ocrx_word' id='word_1_217' title='bbox 1084 1605 1244 1642; x_wconf 78' lang='lat' dir='ltr'>Ebelingi</span> <span class='ocrx_word' id='word_1_218' title='bbox 1267 1605 1394 1635; x_wconf 79' lang='lat' dir='ltr'>Lexico</span> <span class='ocrx_word' id='word_1_219' title='bbox 1417 1605 1600 1634; x_wconf 89' lang='lat' dir='ltr'>Homerico</span> <span class='ocrx_word' id='word_1_220' title='bbox 1624 1603 1859 1643; x_wconf 79' lang='lat' dir='ltr'>propositum3</span> <span class='ocrx_word' id='word_1_221' title='bbox 1881 1604 1989 1642; x_wconf 89' lang='lat' dir='ltr'>quiin</span> 
     </span>
     <span class='ocr_line' id='line_1_23' title="bbox 172 1655 1990 1696; baseline 0.001 -11"><span class='ocrx_word' id='word_1_222' title='bbox 172 1656 240 1686; x_wconf 86' lang='lat' dir='ltr'>fine</span> <span class='ocrx_word' id='word_1_223' title='bbox 262 1655 508 1695; x_wconf 76' lang='lat' dir='ltr'>disputationis</span> <span class='ocrx_word' id='word_1_224' title='bbox 526 1658 674 1686; x_wconf 83' lang='lat' dir='ltr'>maxima</span> <span class='ocrx_word' id='word_1_225' title='bbox 693 1666 774 1686; x_wconf 84' lang='lat' dir='ltr'>cura</span> <span class='ocrx_word' id='word_1_226' title='bbox 795 1657 991 1687; x_wconf 81' lang='lat' dir='ltr'>elaboratae</span> <span class='ocrx_word' id='word_1_227' title='bbox 1010 1657 1127 1687; x_wconf 90' lang='lat' dir='ltr'>docuit</span> <span class='ocrx_word' id='word_1_228' title='bbox 1142 1658 1175 1686; x_wconf 92' lang='lat' dir='ltr'>in</span> <span class='ocrx_word' id='word_1_229' title='bbox 1189 1656 1372 1687; x_wconf 82' lang='lat' dir='ltr'>sententiis</span> <span class='ocrx_word' id='word_1_230' title='bbox 1387 1657 1598 1693; x_wconf 76' lang='lat' dir='ltr'>affirmativis</span> <span class='ocrx_word' id='word_1_231' title='bbox 1610 1666 1773 1695; x_wconf 81' lang='lat' dir='ltr'>regnasse</span> <span class='ocrx_word' id='word_1_232' title='bbox 1786 1657 1990 1696; x_wconf 80' lang='lat' dir='ltr'>particulam</span> 
     </span>
     <span class='ocr_line' id='line_1_24' title="bbox 171 1706 1992 1749; baseline 0.001 -12"><span class='ocrx_word' id='word_1_233' title='bbox 171 1706 266 1749; x_wconf 72' lang='grc' dir='ltr'><strong>κε(ν),</strong></span> <span class='ocrx_word' id='word_1_234' title='bbox 288 1709 322 1738; x_wconf 92' lang='lat' dir='ltr'>in</span> <span class='ocrx_word' id='word_1_235' title='bbox 345 1708 504 1748; x_wconf 74' lang='lat' dir='ltr'>neyaticis</span> <span class='ocrx_word' id='word_1_236' title='bbox 526 1718 606 1739; x_wconf 85' lang='lat' dir='ltr'>vero</span> <span class='ocrx_word' id='word_1_237' title='bbox 629 1708 834 1748; x_wconf 82' lang='lat' dir='ltr'>particulam</span> <span class='ocrx_word' id='word_1_238' title='bbox 859 1710 898 1739; x_wconf 76' lang='grc' dir='ltr'>ἄν</span> <span class='ocrx_word' id='word_1_239' title='bbox 921 1711 1096 1748; x_wconf 87' lang='lat' dir='ltr'>aliquanto</span> <span class='ocrx_word' id='word_1_240' title='bbox 1117 1709 1276 1748; x_wconf 84' lang='lat' dir='ltr'>pluribus</span> <span class='ocrx_word' id='word_1_241' title='bbox 1301 1710 1388 1740; x_wconf 82' lang='lat' dir='ltr'>locis</span> <span class='ocrx_word' id='word_1_242' title='bbox 1411 1719 1488 1740; x_wconf 84' lang='lat' dir='ltr'>esse</span> <span class='ocrx_word' id='word_1_243' title='bbox 1510 1708 1671 1739; x_wconf 83' lang='lat' dir='ltr'>traditam</span> <span class='ocrx_word' id='word_1_244' title='bbox 1697 1718 1797 1746; x_wconf 88' lang='lat' dir='ltr'>quam</span> <span class='ocrx_word' id='word_1_245' title='bbox 1819 1722 1880 1746; x_wconf 70' lang='grc' dir='ltr'>κεν,</span> <span class='ocrx_word' id='word_1_246' title='bbox 1903 1710 1992 1739; x_wconf 82' lang='lat' dir='ltr'>infra</span> 
     </span>
     <span class='ocr_line' id='line_1_25' title="bbox 173 1759 1991 1799; baseline 0.001 -9"><span class='ocrx_word' id='word_1_247' title='bbox 173 1769 251 1798; x_wconf 77' lang='lat' dir='ltr'>pag.</span> <span class='ocrx_word' id='word_1_248' title='bbox 265 1762 328 1790; x_wconf 80' lang='lat'>409</span> <span class='ocrx_word' id='word_1_249' title='bbox 342 1759 371 1789; x_wconf 85' lang='grc' dir='ltr'>Ιι.</span> <span class='ocrx_word' id='word_1_250' title='bbox 393 1761 460 1791; x_wconf 85' lang='lat' dir='ltr'>Sed</span> <span class='ocrx_word' id='word_1_251' title='bbox 478 1765 570 1791; x_wconf 88' lang='lat' dir='ltr'>recte</span> <span class='ocrx_word' id='word_1_252' title='bbox 583 1762 709 1791; x_wconf 86' lang='lat' dir='ltr'>habere</span> <span class='ocrx_word' id='word_1_253' title='bbox 725 1762 813 1791; x_wconf 88' lang='lat' dir='ltr'>hanc</span> <span class='ocrx_word' id='word_1_254' title='bbox 826 1765 976 1792; x_wconf 84' lang='lat' dir='ltr'>nostram</span> <span class='ocrx_word' id='word_1_255' title='bbox 991 1762 1195 1792; x_wconf 87' lang='lat' dir='ltr'>solutionem</span> <span class='ocrx_word' id='word_1_256' title='bbox 1208 1762 1261 1791; x_wconf 81' lang='lat' dir='ltr'>his</span> <span class='ocrx_word' id='word_1_257' title='bbox 1275 1762 1388 1792; x_wconf 89' lang='lat' dir='ltr'>verbis</span> <span class='ocrx_word' id='word_1_258' title='bbox 1401 1763 1541 1799; x_wconf 88' lang='lat' dir='ltr'>negavit</span> <span class='ocrx_word' id='word_1_259' title='bbox 1554 1763 1673 1792; x_wconf 86' lang='lat' dir='ltr'>Monro</span> <span class='ocrx_word' id='word_1_260' title='bbox 1685 1763 1785 1792; x_wconf 86' lang='lat' dir='ltr'>Hom.</span> <span class='ocrx_word' id='word_1_261' title='bbox 1799 1761 1991 1792; x_wconf 76' lang='lat' dir='ltr'>Grammar2</span> 
     </span>
     <span class='ocr_line' id='line_1_26' title="bbox 175 1813 1990 1854; baseline 0.001 -12"><span class='ocrx_word' id='word_1_262' title='bbox 175 1814 252 1842; x_wconf 84' lang='lat'>330:</span> <span class='ocrx_word' id='word_1_263' title='bbox 278 1815 354 1848; x_wconf 63' lang='lat' dir='ltr'>„oz&#39;zx</span> <span class='ocrx_word' id='word_1_264' title='bbox 373 1813 411 1842; x_wconf 78' lang='grc' dir='ltr'>ἄν</span> <span class='ocrx_word' id='word_1_265' title='bbox 429 1822 550 1843; x_wconf 89' lang='lat' dir='ltr'>occurs</span> <span class='ocrx_word' id='word_1_266' title='bbox 571 1815 610 1844; x_wconf 91' lang='grc'>61</span> <span class='ocrx_word' id='word_1_267' title='bbox 632 1813 736 1843; x_wconf 88' lang='lat' dir='ltr'>times</span> <span class='ocrx_word' id='word_1_268' title='bbox 755 1815 788 1843; x_wconf 92' lang='lat' dir='ltr'>in</span> <span class='ocrx_word' id='word_1_269' title='bbox 811 1814 869 1843; x_wconf 87' lang='lat' dir='ltr'>the</span> <span class='ocrx_word' id='word_1_270' title='bbox 888 1814 1050 1852; x_wconf 82' lang='lat' dir='ltr'>ordinary</span> <span class='ocrx_word' id='word_1_271' title='bbox 1069 1817 1143 1844; x_wconf 84' lang='lat' dir='ltr'>text</span> <span class='ocrx_word' id='word_1_272' title='bbox 1154 1816 1191 1844; x_wconf 81' lang='lat' dir='ltr'>of</span> <span class='ocrx_word' id='word_1_273' title='bbox 1202 1815 1340 1851; x_wconf 83' lang='lat' dir='ltr'>Homer,</span> <span class='ocrx_word' id='word_1_274' title='bbox 1354 1814 1455 1844; x_wconf 88' lang='lat' dir='ltr'>while</span> <span class='ocrx_word' id='word_1_275' title='bbox 1469 1814 1505 1843; x_wconf 80' lang='grc' dir='ltr'>οὔ</span> <span class='ocrx_word' id='word_1_276' title='bbox 1517 1827 1567 1845; x_wconf 75' lang='grc' dir='ltr'>κεν</span> <span class='ocrx_word' id='word_1_277' title='bbox 1579 1824 1701 1845; x_wconf 77' lang='lat' dir='ltr'>occurs</span> <span class='ocrx_word' id='word_1_278' title='bbox 1716 1815 1733 1844; x_wconf 87' lang='lat'>9</span> <span class='ocrx_word' id='word_1_279' title='bbox 1748 1815 1861 1854; x_wconf 85' lang='lat' dir='ltr'>times,</span> <span class='ocrx_word' id='word_1_280' title='bbox 1874 1815 1941 1844; x_wconf 88' lang='lat' dir='ltr'>and</span> <span class='ocrx_word' id='word_1_281' title='bbox 1954 1814 1990 1844; x_wconf 82' lang='grc' dir='ltr'>οὔ</span> 
     </span>
     <span class='ocr_line' id='line_1_27' title="bbox 176 1866 1987 1902; baseline 0.001 -7"><span class='ocrx_word' id='word_1_282' title='bbox 176 1878 229 1901; x_wconf 67' lang='lat' dir='ltr'>„xe</span> <span class='ocrx_word' id='word_1_283' title='bbox 251 1866 267 1894; x_wconf 85' lang='lat'>&#39;¹1</span> <span class='ocrx_word' id='word_1_284' title='bbox 286 1866 398 1896; x_wconf 85' lang='lat' dir='ltr'>times.</span> <span class='ocrx_word' id='word_1_285' title='bbox 418 1866 498 1896; x_wconf 86' lang='lat' dir='ltr'>Now</span> <span class='ocrx_word' id='word_1_286' title='bbox 522 1866 560 1896; x_wconf 82' lang='lat' dir='ltr'>of</span> <span class='ocrx_word' id='word_1_287' title='bbox 579 1867 637 1896; x_wconf 81' lang='lat' dir='ltr'>the</span> <span class='ocrx_word' id='word_1_288' title='bbox 658 1867 764 1896; x_wconf 84' lang='lat' dir='ltr'>forms</span> <span class='ocrx_word' id='word_1_289' title='bbox 784 1879 835 1896; x_wconf 68' lang='grc' dir='ltr'>κεν</span> <span class='ocrx_word' id='word_1_290' title='bbox 853 1866 919 1896; x_wconf 87' lang='lat' dir='ltr'>and</span> <span class='ocrx_word' id='word_1_291' title='bbox 939 1879 971 1897; x_wconf 78' lang='grc' dir='ltr'>κε</span> <span class='ocrx_word' id='word_1_292' title='bbox 990 1868 1049 1897; x_wconf 84' lang='lat' dir='ltr'>the</span> <span class='ocrx_word' id='word_1_293' title='bbox 1068 1867 1144 1897; x_wconf 86' lang='lat' dir='ltr'>first</span> <span class='ocrx_word' id='word_1_294' title='bbox 1157 1876 1278 1897; x_wconf 81' lang='lat' dir='ltr'>occurs</span> <span class='ocrx_word' id='word_1_295' title='bbox 1291 1868 1324 1897; x_wconf 92' lang='lat' dir='ltr'>in</span> <span class='ocrx_word' id='word_1_296' title='bbox 1338 1868 1397 1897; x_wconf 88' lang='lat' dir='ltr'>the</span> <span class='ocrx_word' id='word_1_297' title='bbox 1409 1867 1496 1897; x_wconf 85' lang='lat' dir='ltr'>Iliad</span> <span class='ocrx_word' id='word_1_298' title='bbox 1511 1868 1574 1897; x_wconf 83' lang='lat'>272</span> <span class='ocrx_word' id='word_1_299' title='bbox 1586 1869 1698 1902; x_wconf 86' lang='lat' dir='ltr'>times,</span> <span class='ocrx_word' id='word_1_300' title='bbox 1711 1867 1770 1897; x_wconf 89' lang='lat' dir='ltr'>the</span> <span class='ocrx_word' id='word_1_301' title='bbox 1783 1867 1909 1897; x_wconf 86' lang='lat' dir='ltr'>second</span> <span class='ocrx_word' id='word_1_302' title='bbox 1924 1868 1987 1897; x_wconf 82' lang='lat'>222</span> 
     </span>
     <span class='ocr_line' id='line_1_28' title="bbox 174 1917 1989 1958; baseline 0.001 -11"><span class='ocrx_word' id='word_1_303' title='bbox 174 1917 309 1953; x_wconf 60' lang='lat' dir='ltr'>„times</span> <span class='ocrx_word' id='word_1_304' title='bbox 326 1918 455 1954; x_wconf 85' lang='lat' dir='ltr'>Hence,</span> <span class='ocrx_word' id='word_1_305' title='bbox 474 1918 658 1956; x_wconf 86' lang='lat' dir='ltr'>according</span> <span class='ocrx_word' id='word_1_306' title='bbox 676 1922 711 1948; x_wconf 87' lang='lat' dir='ltr'>to</span> <span class='ocrx_word' id='word_1_307' title='bbox 732 1918 789 1948; x_wconf 86' lang='lat' dir='ltr'>the</span> <span class='ocrx_word' id='word_1_308' title='bbox 810 1919 948 1954; x_wconf 76' lang='lat' dir='ltr'>general</span> <span class='ocrx_word' id='word_1_309' title='bbox 968 1920 1049 1949; x_wconf 75' lang='lat' dir='ltr'>lawe</span> <span class='ocrx_word' id='word_1_310' title='bbox 1068 1920 1106 1949; x_wconf 78' lang='grc' dir='ltr'>οἰ</span> <span class='ocrx_word' id='word_1_311' title='bbox 1123 1918 1345 1957; x_wconf 84' lang='lat' dir='ltr'>probability,</span> <span class='ocrx_word' id='word_1_312' title='bbox 1367 1920 1402 1949; x_wconf 78' lang='grc' dir='ltr'>οὔ</span> <span class='ocrx_word' id='word_1_313' title='bbox 1422 1932 1472 1949; x_wconf 78' lang='grc' dir='ltr'>κεν</span> <span class='ocrx_word' id='word_1_314' title='bbox 1492 1920 1559 1949; x_wconf 90' lang='lat' dir='ltr'>and</span> <span class='ocrx_word' id='word_1_315' title='bbox 1580 1920 1615 1949; x_wconf 79' lang='grc' dir='ltr'>οὔ</span> <span class='ocrx_word' id='word_1_316' title='bbox 1631 1932 1663 1949; x_wconf 75' lang='grc' dir='ltr'>κε</span> <span class='ocrx_word' id='word_1_317' title='bbox 1676 1929 1753 1957; x_wconf 85' lang='lat' dir='ltr'>may</span> <span class='ocrx_word' id='word_1_318' title='bbox 1765 1920 1808 1949; x_wconf 93' lang='lat' dir='ltr'>be</span> <span class='ocrx_word' id='word_1_319' title='bbox 1821 1922 1943 1958; x_wconf 76' lang='lat' dir='ltr'>expect</span> <span class='ocrx_word' id='word_1_320' title='bbox 1952 1919 1989 1949; x_wconf 71' lang='lat' dir='ltr'>ad</span> 
     </span>
     <span class='ocr_line' id='line_1_29' title="bbox 177 1970 1990 2012; baseline 0.001 -13"><span class='ocrx_word' id='word_1_321' title='bbox 177 1973 232 2006; x_wconf 86' lang='lat' dir='ltr'>„to</span> <span class='ocrx_word' id='word_1_322' title='bbox 255 1979 359 2000; x_wconf 87' lang='lat' dir='ltr'>occur</span> <span class='ocrx_word' id='word_1_323' title='bbox 379 1971 414 2000; x_wconf 88' lang='lat' dir='ltr'>in</span> <span class='ocrx_word' id='word_1_324' title='bbox 437 1971 495 2000; x_wconf 86' lang='lat' dir='ltr'>the</span> <span class='ocrx_word' id='word_1_325' title='bbox 518 1979 611 2001; x_wconf 89' lang='lat' dir='ltr'>same</span> <span class='ocrx_word' id='word_1_326' title='bbox 645 1973 862 2010; x_wconf 87' lang='lat' dir='ltr'>proportion:</span> <span class='ocrx_word' id='word_1_327' title='bbox 898 1972 965 2001; x_wconf 88' lang='lat' dir='ltr'>and</span> <span class='ocrx_word' id='word_1_328' title='bbox 990 1971 1024 2001; x_wconf 82' lang='lat' dir='ltr'>iu</span> <span class='ocrx_word' id='word_1_329' title='bbox 1049 1972 1107 2002; x_wconf 87' lang='lat' dir='ltr'>the</span> <span class='ocrx_word' id='word_1_330' title='bbox 1131 1972 1291 2010; x_wconf 83' lang='lat' dir='ltr'>ordinary</span> <span class='ocrx_word' id='word_1_331' title='bbox 1315 1974 1389 2002; x_wconf 86' lang='lat' dir='ltr'>text</span> <span class='ocrx_word' id='word_1_332' title='bbox 1411 1973 1479 2002; x_wconf 85' lang='lat' dir='ltr'>this</span> <span class='ocrx_word' id='word_1_333' title='bbox 1503 1974 1532 2002; x_wconf 90' lang='lat' dir='ltr'>is</span> <span class='ocrx_word' id='word_1_334' title='bbox 1556 1973 1614 2002; x_wconf 88' lang='lat' dir='ltr'>the</span> <span class='ocrx_word' id='word_1_335' title='bbox 1636 1982 1714 2002; x_wconf 76' lang='lat' dir='ltr'>case</span> <span class='ocrx_word' id='word_1_336' title='bbox 1736 1970 1768 2012; x_wconf 87' lang='grc'>(9</span> <span class='ocrx_word' id='word_1_337' title='bbox 1784 1981 1791 2001; x_wconf 89' lang='lat'>:</span> <span class='ocrx_word' id='word_1_338' title='bbox 1807 1973 1851 2009; x_wconf 80' lang='lat'>7).</span> <span class='ocrx_word' id='word_1_339' title='bbox 1872 1973 1940 2002; x_wconf 88' lang='lat' dir='ltr'>But</span> <span class='ocrx_word' id='word_1_340' title='bbox 1962 1972 1990 2001; x_wconf 78' lang='lat' dir='ltr'>if</span> 
     </span>
     <span class='ocr_line' id='line_1_30' title="bbox 175 2023 1993 2062; baseline 0.001 -10"><span class='ocrx_word' id='word_1_341' title='bbox 175 2031 300 2061; x_wconf 84' lang='lat' dir='ltr'>„every</span> <span class='ocrx_word' id='word_1_342' title='bbox 322 2025 378 2053; x_wconf 82' lang='grc' dir='ltr'>οὐκ</span> <span class='ocrx_word' id='word_1_343' title='bbox 411 2023 449 2053; x_wconf 79' lang='grc' dir='ltr'>ἄν</span> <span class='ocrx_word' id='word_1_344' title='bbox 471 2032 559 2053; x_wconf 80' lang='lat' dir='ltr'>were</span> <span class='ocrx_word' id='word_1_345' title='bbox 591 2024 747 2061; x_wconf 85' lang='lat' dir='ltr'>changed</span> <span class='ocrx_word' id='word_1_346' title='bbox 772 2025 805 2053; x_wconf 91' lang='lat' dir='ltr'>in</span> <span class='ocrx_word' id='word_1_347' title='bbox 831 2024 867 2054; x_wconf 83' lang='grc' dir='ltr'>οὔ</span> <span class='ocrx_word' id='word_1_348' title='bbox 890 2037 950 2059; x_wconf 76' lang='grc' dir='ltr'>κεν,</span> <span class='ocrx_word' id='word_1_349' title='bbox 973 2026 1071 2054; x_wconf 86' lang='lat' dir='ltr'>there</span> <span class='ocrx_word' id='word_1_350' title='bbox 1095 2025 1206 2054; x_wconf 85' lang='lat' dir='ltr'>would</span> <span class='ocrx_word' id='word_1_351' title='bbox 1230 2025 1272 2054; x_wconf 91' lang='lat' dir='ltr'>be</span> <span class='ocrx_word' id='word_1_352' title='bbox 1299 2026 1338 2054; x_wconf 85' lang='lat'>70</span> <span class='ocrx_word' id='word_1_353' title='bbox 1364 2024 1538 2054; x_wconf 86' lang='lat' dir='ltr'>instances</span> <span class='ocrx_word' id='word_1_354' title='bbox 1562 2026 1600 2054; x_wconf 82' lang='lat' dir='ltr'>of</span> <span class='ocrx_word' id='word_1_355' title='bbox 1621 2025 1656 2055; x_wconf 76' lang='grc' dir='ltr'>οὔ</span> <span class='ocrx_word' id='word_1_356' title='bbox 1681 2037 1731 2055; x_wconf 77' lang='grc' dir='ltr'>κεν</span> <span class='ocrx_word' id='word_1_357' title='bbox 1755 2026 1890 2062; x_wconf 85' lang='lat' dir='ltr'>against</span> <span class='ocrx_word' id='word_1_358' title='bbox 1913 2025 1929 2053; x_wconf 83' lang='lat'><strong>7</strong></span> <span class='ocrx_word' id='word_1_359' title='bbox 1955 2024 1993 2054; x_wconf 87' lang='lat' dir='ltr'>of</span> 
     </span>
     <span class='ocr_line' id='line_1_31' title="bbox 176 2074 1989 2114; baseline 0 -8"><span class='ocrx_word' id='word_1_360' title='bbox 176 2076 233 2112; x_wconf 62' lang='grc' dir='ltr'>,οὔ</span> <span class='ocrx_word' id='word_1_361' title='bbox 256 2088 299 2106; x_wconf 81' lang='grc' dir='ltr'>κε.</span> <span class='ocrx_word' id='word_1_362' title='bbox 324 2074 408 2106; x_wconf 84' lang='lat' dir='ltr'>This</span> <span class='ocrx_word' id='word_1_363' title='bbox 430 2076 558 2114; x_wconf 85' lang='lat' dir='ltr'>clearly</span> <span class='ocrx_word' id='word_1_364' title='bbox 581 2076 682 2106; x_wconf 90' lang='lat' dir='ltr'>could</span> <span class='ocrx_word' id='word_1_365' title='bbox 705 2079 765 2106; x_wconf 87' lang='lat' dir='ltr'>not</span> <span class='ocrx_word' id='word_1_366' title='bbox 784 2077 826 2106; x_wconf 88' lang='lat' dir='ltr'>be</span> <span class='ocrx_word' id='word_1_367' title='bbox 850 2076 1060 2107; x_wconf 82' lang='lat' dir='ltr'>accidental:</span> <span class='ocrx_word' id='word_1_368' title='bbox 1084 2078 1194 2106; x_wconf 88' lang='lat' dir='ltr'>hence</span> <span class='ocrx_word' id='word_1_369' title='bbox 1217 2078 1244 2106; x_wconf 88' lang='lat' dir='ltr'>it</span> <span class='ocrx_word' id='word_1_370' title='bbox 1268 2077 1399 2107; x_wconf 76' lang='lat' dir='ltr'>follows</span> <span class='ocrx_word' id='word_1_371' title='bbox 1417 2077 1493 2107; x_wconf 86' lang='lat' dir='ltr'>that</span> <span class='ocrx_word' id='word_1_372' title='bbox 1517 2079 1572 2107; x_wconf 78' lang='grc' dir='ltr'>οὐκ</span> <span class='ocrx_word' id='word_1_373' title='bbox 1595 2078 1633 2107; x_wconf 74' lang='grc' dir='ltr'>ἄν</span> <span class='ocrx_word' id='word_1_374' title='bbox 1657 2080 1750 2107; x_wconf 88' lang='lat' dir='ltr'>must</span> <span class='ocrx_word' id='word_1_375' title='bbox 1773 2078 1816 2106; x_wconf 89' lang='lat' dir='ltr'>be</span> <span class='ocrx_word' id='word_1_376' title='bbox 1835 2076 1989 2107; x_wconf 82' lang='lat' dir='ltr'>retained</span> 
     </span>
     <span class='ocr_line' id='line_1_32' title="bbox 172 2127 1990 2168; baseline 0.001 -10"><span class='ocrx_word' id='word_1_377' title='bbox 172 2127 232 2165; x_wconf 80' lang='lat' dir='ltr'>„in</span> <span class='ocrx_word' id='word_1_378' title='bbox 262 2129 306 2158; x_wconf 85' lang='lat' dir='ltr'>all</span> <span class='ocrx_word' id='word_1_379' title='bbox 340 2137 379 2158; x_wconf 93' lang='lat' dir='ltr'>or</span> <span class='ocrx_word' id='word_1_380' title='bbox 400 2129 518 2166; x_wconf 83' lang='lat' dir='ltr'>nearly</span> <span class='ocrx_word' id='word_1_381' title='bbox 553 2127 597 2158; x_wconf 83' lang='lat' dir='ltr'>all</span> <span class='ocrx_word' id='word_1_382' title='bbox 632 2129 691 2159; x_wconf 91' lang='lat' dir='ltr'>the</span> <span class='ocrx_word' id='word_1_383' title='bbox 725 2138 889 2167; x_wconf 78' lang='lat' dir='ltr'>passages</span> <span class='ocrx_word' id='word_1_384' title='bbox 919 2130 1031 2159; x_wconf 83' lang='lat' dir='ltr'>where</span> <span class='ocrx_word' id='word_1_385' title='bbox 1066 2130 1092 2159; x_wconf 87' lang='lat' dir='ltr'>it</span> <span class='ocrx_word' id='word_1_386' title='bbox 1121 2138 1195 2159; x_wconf 80' lang='lat' dir='ltr'>now</span> <span class='ocrx_word' id='word_1_387' title='bbox 1220 2130 1348 2159; x_wconf 81' lang='lat' dir='ltr'>stands.</span> <span class='ocrx_word' id='word_1_388' title='bbox 1372 2129 1446 2159; x_wconf 83' lang='lat' dir='ltr'>And</span> <span class='ocrx_word' id='word_1_389' title='bbox 1469 2131 1497 2159; x_wconf 81' lang='lat' dir='ltr'>if</span> <span class='ocrx_word' id='word_1_390' title='bbox 1519 2132 1575 2160; x_wconf 81' lang='grc' dir='ltr'>οὑκ</span> <span class='ocrx_word' id='word_1_391' title='bbox 1599 2131 1636 2159; x_wconf 70' lang='grc' dir='ltr'>ἄν</span> <span class='ocrx_word' id='word_1_392' title='bbox 1660 2131 1690 2160; x_wconf 87' lang='lat' dir='ltr'>is</span> <span class='ocrx_word' id='word_1_393' title='bbox 1712 2129 1815 2168; x_wconf 87' lang='lat' dir='ltr'>right,</span> <span class='ocrx_word' id='word_1_394' title='bbox 1841 2139 1887 2159; x_wconf 87' lang='lat' dir='ltr'>we</span> <span class='ocrx_word' id='word_1_395' title='bbox 1912 2138 1990 2167; x_wconf 86' lang='lat' dir='ltr'>may</span> 
     </span>
     <span class='ocr_line' id='line_1_33' title="bbox 177 2181 1990 2220; baseline 0 -10"><span class='ocrx_word' id='word_1_396' title='bbox 177 2181 287 2218; x_wconf 81' lang='lat' dir='ltr'>„infer</span> <span class='ocrx_word' id='word_1_397' title='bbox 319 2181 394 2210; x_wconf 76' lang='lat' dir='ltr'>that</span> <span class='ocrx_word' id='word_1_398' title='bbox 427 2181 486 2210; x_wconf 88' lang='lat' dir='ltr'>the</span> <span class='ocrx_word' id='word_1_399' title='bbox 520 2181 619 2210; x_wconf 87' lang='lat' dir='ltr'>other</span> <span class='ocrx_word' id='word_1_400' title='bbox 651 2182 828 2211; x_wconf 87' lang='lat' dir='ltr'>instances</span> <span class='ocrx_word' id='word_1_401' title='bbox 863 2183 901 2211; x_wconf 80' lang='lat' dir='ltr'>of</span> <span class='ocrx_word' id='word_1_402' title='bbox 932 2183 970 2212; x_wconf 80' lang='grc' dir='ltr'>ἄν</span> <span class='ocrx_word' id='word_1_403' title='bbox 1003 2182 1084 2211; x_wconf 88' lang='lat' dir='ltr'>with</span> <span class='ocrx_word' id='word_1_404' title='bbox 1119 2191 1137 2211; x_wconf 91' lang='lat' dir='ltr'>a</span> <span class='ocrx_word' id='word_1_405' title='bbox 1161 2183 1321 2220; x_wconf 85' lang='lat' dir='ltr'>negative</span> <span class='ocrx_word' id='word_1_406' title='bbox 1345 2199 1386 2204; x_wconf 92' lang='lat'>—</span> <span class='ocrx_word' id='word_1_407' title='bbox 1411 2183 1452 2212; x_wconf 84' lang='lat'>22</span> <span class='ocrx_word' id='word_1_408' title='bbox 1476 2183 1510 2212; x_wconf 92' lang='lat' dir='ltr'>iu</span> <span class='ocrx_word' id='word_1_409' title='bbox 1534 2182 1679 2212; x_wconf 89' lang='lat' dir='ltr'>number</span> <span class='ocrx_word' id='word_1_410' title='bbox 1704 2199 1742 2204; x_wconf 91' lang='lat'>—</span> <span class='ocrx_word' id='word_1_411' title='bbox 1768 2191 1826 2212; x_wconf 88' lang='lat' dir='ltr'>are</span> <span class='ocrx_word' id='word_1_412' title='bbox 1851 2182 1990 2219; x_wconf 86' lang='lat' dir='ltr'>equally</span> 
     </span>
     <span class='ocr_line' id='line_1_34' title="bbox 176 2233 1990 2273; baseline 0 -10"><span class='ocrx_word' id='word_1_413' title='bbox 176 2233 463 2270; x_wconf 81' lang='lat' dir='ltr'>„unassailable.&#39;&#39;</span> <span class='ocrx_word' id='word_1_414' title='bbox 496 2234 658 2272; x_wconf 83' lang='lat' dir='ltr'>Speciosa</span> <span class='ocrx_word' id='word_1_415' title='bbox 692 2234 794 2269; x_wconf 83' lang='lat' dir='ltr'>haec;</span> <span class='ocrx_word' id='word_1_416' title='bbox 821 2243 910 2272; x_wconf 88' lang='lat' dir='ltr'>quae</span> <span class='ocrx_word' id='word_1_417' title='bbox 934 2233 964 2263; x_wconf 87' lang='lat' dir='ltr'>si</span> <span class='ocrx_word' id='word_1_418' title='bbox 983 2237 1017 2264; x_wconf 90' lang='lat' dir='ltr'>et</span> <span class='ocrx_word' id='word_1_419' title='bbox 1040 2243 1122 2264; x_wconf 81' lang='lat' dir='ltr'>vera</span> <span class='ocrx_word' id='word_1_420' title='bbox 1145 2237 1237 2273; x_wconf 87' lang='lat' dir='ltr'>sunt,</span> <span class='ocrx_word' id='word_1_421' title='bbox 1259 2235 1387 2264; x_wconf 86' lang='lat' dir='ltr'>corruit</span> <span class='ocrx_word' id='word_1_422' title='bbox 1411 2237 1528 2264; x_wconf 87' lang='lat' dir='ltr'>nostra</span> <span class='ocrx_word' id='word_1_423' title='bbox 1550 2235 1822 2273; x_wconf 67' lang='lat' dir='ltr'>argumentatio:</span> <span class='ocrx_word' id='word_1_424' title='bbox 1848 2234 1990 2264; x_wconf 79' lang='lat' dir='ltr'>serenda</span> 
     </span>
     <span class='ocr_line' id='line_1_35' title="bbox 176 2285 1992 2328; baseline -0.001 -12"><span class='ocrx_word' id='word_1_425' title='bbox 176 2288 277 2317; x_wconf 75' lang='lat' dir='ltr'>erunt</span> <span class='ocrx_word' id='word_1_426' title='bbox 293 2286 393 2316; x_wconf 79' lang='lat' dir='ltr'>haec:</span> <span class='ocrx_word' id='word_1_427' title='bbox 419 2288 488 2316; x_wconf 78' lang='grc' dir='ltr'>οὐκ</span> <span class='ocrx_word' id='word_1_428' title='bbox 512 2285 556 2316; x_wconf 77' lang='grc' dir='ltr'>ἂν</span> <span class='ocrx_word' id='word_1_429' title='bbox 576 2287 612 2324; x_wconf 73' lang='grc' dir='ltr'>δή</span> <span class='ocrx_word' id='word_1_430' title='bbox 632 2297 706 2316; x_wconf 80' lang='lat' dir='ltr'>non</span> <span class='ocrx_word' id='word_1_431' title='bbox 720 2287 826 2322; x_wconf 77' lang='grc' dir='ltr'><em>θυμὸν</em></span> <span class='ocrx_word' id='word_1_432' title='bbox 839 2289 878 2316; x_wconf 80' lang='grc' dir='ltr'>ἐνὶ</span> <span class='ocrx_word' id='word_1_433' title='bbox 893 2290 1066 2325; x_wconf 76' lang='grc' dir='ltr'>στήθεσσιν</span> <span class='ocrx_word' id='word_1_434' title='bbox 1077 2289 1176 2324; x_wconf 73' lang='grc' dir='ltr'>ἐμοῖσι</span> <span class='ocrx_word' id='word_1_435' title='bbox 1199 2287 1204 2326; x_wconf 80' lang='grc' dir='ltr'>Ι</span> <span class='ocrx_word' id='word_1_436' title='bbox 1224 2288 1385 2328; x_wconf 72' lang='grc' dir='ltr'>Ἀτρεΐδησ</span> <span class='ocrx_word' id='word_1_437' title='bbox 1397 2288 1483 2328; x_wconf 68' lang='grc' dir='ltr'><strong><em>ὤρινε</em></strong></span> <span class='ocrx_word' id='word_1_438' title='bbox 1497 2288 1679 2327; x_wconf 76' lang='grc' dir='ltr'><em>διαμπερέσ,</em></span> <span class='ocrx_word' id='word_1_439' title='bbox 1703 2287 1793 2317; x_wconf 80' lang='grc' dir='ltr'>οὐδέ</span> <span class='ocrx_word' id='word_1_440' title='bbox 1816 2299 1854 2317; x_wconf 79' lang='grc' dir='ltr'>κε</span> <span class='ocrx_word' id='word_1_441' title='bbox 1880 2289 1992 2327; x_wconf 79' lang='grc' dir='ltr'><strong><em>κούρην</em></strong></span> 
     </span>
     <span class='ocr_line' id='line_1_36' title="bbox 182 2336 1991 2377; baseline 0.001 -9"><span class='ocrx_word' id='word_1_442' title='bbox 182 2336 273 2377; x_wconf 70' lang='grc' dir='ltr'><strong><em>Ιῆγεν</em></strong></span> <span class='ocrx_word' id='word_1_443' title='bbox 307 2341 366 2368; x_wconf 60' lang='lat' dir='ltr'>md.</span> <span class='ocrx_word' id='word_1_444' title='bbox 402 2341 432 2367; x_wconf 90' lang='lat' dir='ltr'><em>T</em></span> <span class='ocrx_word' id='word_1_445' title='bbox 460 2339 521 2368; x_wconf 80' lang='lat'>271</span> <span class='ocrx_word' id='word_1_446' title='bbox 559 2347 610 2377; x_wconf 87' lang='lat' dir='ltr'>sq.</span> <span class='ocrx_word' id='word_1_447' title='bbox 647 2348 805 2377; x_wconf 86' lang='lat' dir='ltr'>quaeque</span> <span class='ocrx_word' id='word_1_448' title='bbox 839 2339 938 2377; x_wconf 88' lang='lat' dir='ltr'>plura</span> <span class='ocrx_word' id='word_1_449' title='bbox 964 2343 1044 2369; x_wconf 87' lang='lat' dir='ltr'>suut</span> <span class='ocrx_word' id='word_1_450' title='bbox 1066 2339 1284 2374; x_wconf 83' lang='lat' dir='ltr'>huiusmodi3</span> <span class='ocrx_word' id='word_1_451' title='bbox 1309 2338 1499 2369; x_wconf 84' lang='lat' dir='ltr'>relabimur</span> <span class='ocrx_word' id='word_1_452' title='bbox 1525 2340 1567 2369; x_wconf 88' lang='lat' dir='ltr'>ad</span> <span class='ocrx_word' id='word_1_453' title='bbox 1590 2338 1676 2369; x_wconf 80' lang='lat' dir='ltr'>ista:</span> <span class='ocrx_word' id='word_1_454' title='bbox 1703 2339 1899 2376; x_wconf 82' lang='lat' dir='ltr'>„vielleicht</span> <span class='ocrx_word' id='word_1_455' title='bbox 1920 2339 1991 2369; x_wconf 89' lang='lat' dir='ltr'>und</span> 
     </span>
     <span class='ocr_line' id='line_1_37' title="bbox 176 2388 1989 2430; baseline 0.001 -10"><span class='ocrx_word' id='word_1_456' title='bbox 176 2391 271 2420; x_wconf 86' lang='lat' dir='ltr'>nicht</span> <span class='ocrx_word' id='word_1_457' title='bbox 302 2388 442 2420; x_wconf 85' lang='lat' dir='ltr'>leicht”.</span> <span class='ocrx_word' id='word_1_458' title='bbox 471 2390 547 2420; x_wconf 81' lang='lat' dir='ltr'>Fiat</span> <span class='ocrx_word' id='word_1_459' title='bbox 570 2390 676 2428; x_wconf 89' lang='lat' dir='ltr'>igitur</span> <span class='ocrx_word' id='word_1_460' title='bbox 707 2393 742 2421; x_wconf 90' lang='lat' dir='ltr'>et</span> <span class='ocrx_word' id='word_1_461' title='bbox 761 2390 855 2421; x_wconf 85' lang='lat' dir='ltr'>aliud</span> <span class='ocrx_word' id='word_1_462' title='bbox 876 2392 1163 2430; x_wconf 87' lang='lat' dir='ltr'>experimentum,</span> <span class='ocrx_word' id='word_1_463' title='bbox 1188 2400 1255 2429; x_wconf 89' lang='lat' dir='ltr'>quo</span> <span class='ocrx_word' id='word_1_464' title='bbox 1280 2392 1405 2422; x_wconf 87' lang='lat' dir='ltr'>melius</span> <span class='ocrx_word' id='word_1_465' title='bbox 1428 2394 1564 2422; x_wconf 85' lang='lat' dir='ltr'>constet</span> <span class='ocrx_word' id='word_1_466' title='bbox 1585 2402 1650 2422; x_wconf 90' lang='lat' dir='ltr'>res.</span> <span class='ocrx_word' id='word_1_467' title='bbox 1670 2392 1757 2422; x_wconf 86' lang='lat' dir='ltr'>Nam</span> <span class='ocrx_word' id='word_1_468' title='bbox 1780 2390 1817 2421; x_wconf 83' lang='lat' dir='ltr'>id</span> <span class='ocrx_word' id='word_1_469' title='bbox 1837 2392 1928 2429; x_wconf 87' lang='lat' dir='ltr'>quod</span> <span class='ocrx_word' id='word_1_470' title='bbox 1954 2390 1989 2421; x_wconf 90' lang='lat' dir='ltr'>in</span> 
     </span>
     <span class='ocr_line' id='line_1_38' title="bbox 177 2442 1993 2484; baseline 0.001 -12"><span class='ocrx_word' id='word_1_471' title='bbox 177 2443 366 2481; x_wconf 83' lang='lat' dir='ltr'>particulas</span> <span class='ocrx_word' id='word_1_472' title='bbox 389 2442 426 2472; x_wconf 84' lang='grc' dir='ltr'>οὔ</span> <span class='ocrx_word' id='word_1_473' title='bbox 450 2442 532 2480; x_wconf 64' lang='lat' dir='ltr'>xeo)</span> <span class='ocrx_word' id='word_1_474' title='bbox 555 2443 678 2473; x_wconf 87' lang='lat' dir='ltr'>cadere</span> <span class='ocrx_word' id='word_1_475' title='bbox 702 2444 751 2473; x_wconf 88' lang='lat' dir='ltr'>ait</span> <span class='ocrx_word' id='word_1_476' title='bbox 773 2444 903 2479; x_wconf 83' lang='lat' dir='ltr'>Monro,</span> <span class='ocrx_word' id='word_1_477' title='bbox 926 2444 1029 2474; x_wconf 86' lang='lat' dir='ltr'>etiam</span> <span class='ocrx_word' id='word_1_478' title='bbox 1054 2444 1088 2473; x_wconf 92' lang='lat' dir='ltr'>in</span> <span class='ocrx_word' id='word_1_479' title='bbox 1114 2444 1305 2482; x_wconf 84' lang='lat' dir='ltr'>particulas</span> <span class='ocrx_word' id='word_1_480' title='bbox 1330 2445 1360 2474; x_wconf 80' lang='grc' dir='ltr'>εἴ</span> <span class='ocrx_word' id='word_1_481' title='bbox 1382 2444 1460 2482; x_wconf 51' lang='lat' dir='ltr'>xeo)</span> <span class='ocrx_word' id='word_1_482' title='bbox 1485 2445 1556 2474; x_wconf 84' lang='lat' dir='ltr'>sive</span> <span class='ocrx_word' id='word_1_483' title='bbox 1580 2446 1616 2474; x_wconf 81' lang='grc' dir='ltr'>αἴ</span> <span class='ocrx_word' id='word_1_484' title='bbox 1629 2442 1708 2484; x_wconf 74' lang='grc' dir='ltr'>κε(ν)</span> <span class='ocrx_word' id='word_1_485' title='bbox 1729 2444 1828 2473; x_wconf 86' lang='lat' dir='ltr'>cadat</span> <span class='ocrx_word' id='word_1_486' title='bbox 1851 2452 1993 2474; x_wconf 88' lang='lat' dir='ltr'>necesse</span> 
     </span>
     <span class='ocr_line' id='line_1_39' title="bbox 178 2495 1991 2535; baseline 0.002 -12"><span class='ocrx_word' id='word_1_487' title='bbox 178 2497 241 2531; x_wconf 81' lang='lat' dir='ltr'>est,</span> <span class='ocrx_word' id='word_1_488' title='bbox 265 2495 294 2524; x_wconf 88' lang='lat' dir='ltr'>si</span> <span class='ocrx_word' id='word_1_489' title='bbox 316 2495 400 2524; x_wconf 89' lang='lat' dir='ltr'>satis</span> <span class='ocrx_word' id='word_1_490' title='bbox 427 2495 520 2525; x_wconf 85' lang='lat' dir='ltr'>valet</span> <span class='ocrx_word' id='word_1_491' title='bbox 553 2496 628 2525; x_wconf 86' lang='lat' dir='ltr'>eius</span> <span class='ocrx_word' id='word_1_492' title='bbox 663 2499 920 2533; x_wconf 82' lang='lat' dir='ltr'>argumentum.</span> <span class='ocrx_word' id='word_1_493' title='bbox 953 2496 1043 2532; x_wconf 87' lang='lat' dir='ltr'>Quid</span> <span class='ocrx_word' id='word_1_494' title='bbox 1076 2497 1182 2534; x_wconf 88' lang='lat' dir='ltr'>igitur</span> <span class='ocrx_word' id='word_1_495' title='bbox 1205 2496 1305 2526; x_wconf 87' lang='lat' dir='ltr'>docet</span> <span class='ocrx_word' id='word_1_496' title='bbox 1328 2495 1510 2534; x_wconf 86' lang='lat' dir='ltr'>Gehringii</span> <span class='ocrx_word' id='word_1_497' title='bbox 1531 2497 1639 2527; x_wconf 85' lang='lat' dir='ltr'>Index</span> <span class='ocrx_word' id='word_1_498' title='bbox 1662 2497 1875 2532; x_wconf 82' lang='lat' dir='ltr'>Homericus,</span> <span class='ocrx_word' id='word_1_499' title='bbox 1899 2497 1991 2535; x_wconf 89' lang='lat' dir='ltr'>quod</span> 
     </span>
     <span class='ocr_line' id='line_1_40' title="bbox 176 2546 1811 2585; baseline 0.002 -9"><span class='ocrx_word' id='word_1_500' title='bbox 176 2546 378 2585; x_wconf 80' lang='lat' dir='ltr'>diligentiae</span> <span class='ocrx_word' id='word_1_501' title='bbox 399 2547 594 2578; x_wconf 82' lang='lat' dir='ltr'>indefessae</span> <span class='ocrx_word' id='word_1_502' title='bbox 617 2552 877 2579; x_wconf 80' lang='lat' dir='ltr'>monumentum</span> <span class='ocrx_word' id='word_1_503' title='bbox 902 2549 1010 2578; x_wconf 87' lang='lat' dir='ltr'>cnivis</span> <span class='ocrx_word' id='word_1_504' title='bbox 1033 2549 1075 2579; x_wconf 88' lang='lat' dir='ltr'>ad</span> <span class='ocrx_word' id='word_1_505' title='bbox 1098 2558 1238 2579; x_wconf 88' lang='lat' dir='ltr'>manum</span> <span class='ocrx_word' id='word_1_506' title='bbox 1263 2549 1336 2579; x_wconf 84' lang='lat' dir='ltr'>est?</span> <span class='ocrx_word' id='word_1_507' title='bbox 1356 2550 1482 2580; x_wconf 87' lang='lat' dir='ltr'>Extare</span> <span class='ocrx_word' id='word_1_508' title='bbox 1505 2551 1540 2579; x_wconf 86' lang='lat' dir='ltr'>in</span> <span class='ocrx_word' id='word_1_509' title='bbox 1563 2552 1660 2580; x_wconf 82' lang='lat' dir='ltr'>textu</span> <span class='ocrx_word' id='word_1_510' title='bbox 1683 2550 1811 2580; x_wconf 89' lang='lat' dir='ltr'>tradito</span> 
     </span>
    </p>

    <p class='ocr_par' dir='ltr' id='par_1_8' title="bbox 265 2598 979 2640">
     <span class='ocr_line' id='line_1_41' title="bbox 265 2598 979 2640; baseline 0.004 -12"><span class='ocrx_word' id='word_1_511' title='bbox 265 2601 294 2629; x_wconf 79' lang='grc' dir='ltr'>εἴ</span> <span class='ocrx_word' id='word_1_512' title='bbox 313 2611 364 2629; x_wconf 77' lang='grc' dir='ltr'>κεν</span> <span class='ocrx_word' id='word_1_513' title='bbox 385 2598 473 2629; x_wconf 80' lang='lat' dir='ltr'>loeis</span> <span class='ocrx_word' id='word_1_514' title='bbox 496 2601 550 2634; x_wconf 84' lang='lat'>26,</span> <span class='ocrx_word' id='word_1_515' title='bbox 573 2601 603 2630; x_wconf 84' lang='grc' dir='ltr'>εἴ</span> <span class='ocrx_word' id='word_1_516' title='bbox 622 2612 655 2630; x_wconf 79' lang='grc' dir='ltr'>κε</span> <span class='ocrx_word' id='word_1_517' title='bbox 681 2602 732 2636; x_wconf 89' lang='lat'>16,</span> <span class='ocrx_word' id='word_1_518' title='bbox 756 2602 785 2630; x_wconf 76' lang='grc' dir='ltr'>εἴ</span> <span class='ocrx_word' id='word_1_519' title='bbox 805 2601 843 2635; x_wconf 78' lang='grc' dir='ltr'>κ’,</span> <span class='ocrx_word' id='word_1_520' title='bbox 866 2601 897 2640; x_wconf 77' lang='grc' dir='ltr'>χ’</span> <span class='ocrx_word' id='word_1_521' title='bbox 927 2602 979 2632; x_wconf 90' lang='grc'>13.</span> 
     </span>
    </p>

    <p class='ocr_par' dir='ltr' id='par_1_9' title="bbox 266 2653 989 2692">
     <span class='ocr_line' id='line_1_42' title="bbox 266 2653 989 2692; baseline 0.001 -10"><span class='ocrx_word' id='word_1_522' title='bbox 266 2653 302 2682; x_wconf 84' lang='grc' dir='ltr'>αἴ</span> <span class='ocrx_word' id='word_1_523' title='bbox 321 2664 372 2682; x_wconf 71' lang='grc' dir='ltr'>κεν</span> <span class='ocrx_word' id='word_1_524' title='bbox 425 2674 440 2691; x_wconf 83' lang='grc'>,,</span> <span class='ocrx_word' id='word_1_525' title='bbox 498 2653 551 2691; x_wconf 88' lang='lat'>35,</span> <span class='ocrx_word' id='word_1_526' title='bbox 574 2653 610 2682; x_wconf 82' lang='grc' dir='ltr'>αἴ</span> <span class='ocrx_word' id='word_1_527' title='bbox 629 2665 662 2682; x_wconf 81' lang='grc' dir='ltr'>κε</span> <span class='ocrx_word' id='word_1_528' title='bbox 685 2654 740 2689; x_wconf 81' lang='lat'>49,</span> <span class='ocrx_word' id='word_1_529' title='bbox 762 2654 798 2683; x_wconf 77' lang='grc' dir='ltr'>αἴ</span> <span class='ocrx_word' id='word_1_530' title='bbox 817 2653 855 2688; x_wconf 79' lang='grc' dir='ltr'>κ’,</span> <span class='ocrx_word' id='word_1_531' title='bbox 879 2654 909 2692; x_wconf 85' lang='grc' dir='ltr'>χ’</span> <span class='ocrx_word' id='word_1_532' title='bbox 936 2655 989 2683; x_wconf 81' lang='lat'>42.</span> 
     </span>
    </p>

    <p class='ocr_par' dir='ltr' id='par_1_10' title="bbox 177 2700 1991 2851">
     <span class='ocr_line' id='line_1_43' title="bbox 177 2700 1991 2742; baseline 0.002 -7"><span class='ocrx_word' id='word_1_533' title='bbox 177 2705 269 2742; x_wconf 84' lang='lat' dir='ltr'>Ergo</span> <span class='ocrx_word' id='word_1_534' title='bbox 290 2706 319 2734; x_wconf 83' lang='grc' dir='ltr'>εἴ</span> <span class='ocrx_word' id='word_1_535' title='bbox 338 2716 408 2734; x_wconf 72' lang='lat' dir='ltr'>un:</span> <span class='ocrx_word' id='word_1_536' title='bbox 434 2706 464 2735; x_wconf 80' lang='grc' dir='ltr'>εἴ</span> <span class='ocrx_word' id='word_1_537' title='bbox 483 2717 515 2734; x_wconf 83' lang='grc' dir='ltr'>κε</span> <span class='ocrx_word' id='word_1_538' title='bbox 532 2716 567 2728; x_wconf 86' lang='grc'>-·</span> <span class='ocrx_word' id='word_1_539' title='bbox 585 2705 648 2735; x_wconf 83' lang='lat'>26:</span> <span class='ocrx_word' id='word_1_540' title='bbox 678 2706 717 2735; x_wconf 88' lang='grc'>16</span> <span class='ocrx_word' id='word_1_541' title='bbox 743 2707 777 2735; x_wconf 88' lang='lat' dir='ltr'>et</span> <span class='ocrx_word' id='word_1_542' title='bbox 796 2707 832 2735; x_wconf 79' lang='grc' dir='ltr'>αἴ</span> <span class='ocrx_word' id='word_1_543' title='bbox 852 2717 902 2735; x_wconf 76' lang='grc' dir='ltr'>κεν</span> <span class='ocrx_word' id='word_1_544' title='bbox 916 2715 923 2735; x_wconf 88' lang='lat'>:</span> <span class='ocrx_word' id='word_1_545' title='bbox 937 2707 974 2735; x_wconf 81' lang='grc' dir='ltr'>αἴ</span> <span class='ocrx_word' id='word_1_546' title='bbox 992 2718 1024 2736; x_wconf 79' lang='grc' dir='ltr'>κε</span> <span class='ocrx_word' id='word_1_547' title='bbox 1041 2718 1076 2729; x_wconf 93' lang='lat'><strong><em>=</em></strong></span> <span class='ocrx_word' id='word_1_548' title='bbox 1093 2706 1134 2736; x_wconf 89' lang='lat'>35</span> <span class='ocrx_word' id='word_1_549' title='bbox 1148 2716 1155 2736; x_wconf 76' lang='grc' dir='ltr'><strong>ε</strong></span> <span class='ocrx_word' id='word_1_550' title='bbox 1170 2700 1224 2736; x_wconf 79' lang='lat'>49.</span> <span class='ocrx_word' id='word_1_551' title='bbox 1249 2705 1465 2737; x_wconf 88' lang='lat' dir='ltr'>Coniunctim</span> <span class='ocrx_word' id='word_1_552' title='bbox 1489 2708 1604 2737; x_wconf 82' lang='lat' dir='ltr'>autem</span> <span class='ocrx_word' id='word_1_553' title='bbox 1629 2705 1658 2736; x_wconf 86' lang='lat' dir='ltr'>si</span> <span class='ocrx_word' id='word_1_554' title='bbox 1677 2709 1902 2738; x_wconf 82' lang='lat' dir='ltr'>numerantur</span> <span class='ocrx_word' id='word_1_555' title='bbox 1923 2707 1991 2738; x_wconf 90' lang='lat' dir='ltr'>loci</span> 
     </span>
     <span class='ocr_line' id='line_1_44' title="bbox 178 2757 1988 2801; baseline 0.002 -14"><span class='ocrx_word' id='word_1_556' title='bbox 178 2758 239 2787; x_wconf 91' lang='lat' dir='ltr'>ubi</span> <span class='ocrx_word' id='word_1_557' title='bbox 260 2757 423 2794; x_wconf 87' lang='lat' dir='ltr'>leguntur</span> <span class='ocrx_word' id='word_1_558' title='bbox 445 2769 488 2791; x_wconf 77' lang='grc' dir='ltr'>κε,</span> <span class='ocrx_word' id='word_1_559' title='bbox 512 2757 550 2792; x_wconf 82' lang='grc' dir='ltr'>κ’,</span> <span class='ocrx_word' id='word_1_560' title='bbox 573 2757 617 2795; x_wconf 82' lang='grc' dir='ltr'>χ’,</span> <span class='ocrx_word' id='word_1_561' title='bbox 641 2757 727 2788; x_wconf 89' lang='lat' dir='ltr'>haec</span> <span class='ocrx_word' id='word_1_562' title='bbox 751 2758 792 2787; x_wconf 85' lang='lat' dir='ltr'>fit</span> <span class='ocrx_word' id='word_1_563' title='bbox 811 2759 1009 2796; x_wconf 87' lang='lat' dir='ltr'>proportio:</span> <span class='ocrx_word' id='word_1_564' title='bbox 1035 2760 1065 2788; x_wconf 80' lang='grc' dir='ltr'>εἴ</span> <span class='ocrx_word' id='word_1_565' title='bbox 1084 2767 1156 2788; x_wconf 75' lang='lat' dir='ltr'>mv:</span> <span class='ocrx_word' id='word_1_566' title='bbox 1183 2760 1213 2788; x_wconf 82' lang='grc' dir='ltr'>εἴ</span> <span class='ocrx_word' id='word_1_567' title='bbox 1228 2758 1288 2798; x_wconf 75' lang='grc' dir='ltr'>κ(ε)</span> <span class='ocrx_word' id='word_1_568' title='bbox 1305 2770 1338 2786; x_wconf 82' lang='lat'><strong><em>=</em></strong></span> <span class='ocrx_word' id='word_1_569' title='bbox 1356 2760 1418 2790; x_wconf 84' lang='lat'>26:</span> <span class='ocrx_word' id='word_1_570' title='bbox 1434 2760 1474 2789; x_wconf 90' lang='grc'><strong>29</strong></span> <span class='ocrx_word' id='word_1_571' title='bbox 1499 2760 1571 2789; x_wconf 86' lang='lat' dir='ltr'>sive</span> <span class='ocrx_word' id='word_1_572' title='bbox 1597 2758 1664 2799; x_wconf 81' lang='lat' dir='ltr'>lsl,</span> <span class='ocrx_word' id='word_1_573' title='bbox 1687 2762 1722 2790; x_wconf 88' lang='lat' dir='ltr'>et</span> <span class='ocrx_word' id='word_1_574' title='bbox 1740 2761 1776 2790; x_wconf 78' lang='grc' dir='ltr'>αἵ</span> <span class='ocrx_word' id='word_1_575' title='bbox 1791 2770 1860 2791; x_wconf 73' lang='lat' dir='ltr'>xev:</span> <span class='ocrx_word' id='word_1_576' title='bbox 1875 2761 1911 2790; x_wconf 75' lang='grc' dir='ltr'>αἴ</span> <span class='ocrx_word' id='word_1_577' title='bbox 1926 2757 1988 2801; x_wconf 77' lang='grc' dir='ltr'>κ(ε)</span> 
     </span>
     <span class='ocr_line' id='line_1_45' title="bbox 177 2808 1618 2851; baseline 0.003 -14"><span class='ocrx_word' id='word_1_578' title='bbox 177 2811 349 2840; x_wconf 76' lang='lat'>:35:91</span> <span class='ocrx_word' id='word_1_579' title='bbox 374 2808 448 2839; x_wconf 86' lang='lat' dir='ltr'>sive</span> <span class='ocrx_word' id='word_1_580' title='bbox 471 2810 538 2848; x_wconf 78' lang='lat' dir='ltr'>2l5.</span> <span class='ocrx_word' id='word_1_581' title='bbox 563 2810 657 2846; x_wconf 88' lang='lat' dir='ltr'>Quae</span> <span class='ocrx_word' id='word_1_582' title='bbox 681 2813 797 2841; x_wconf 86' lang='lat' dir='ltr'>autem</span> <span class='ocrx_word' id='word_1_583' title='bbox 822 2814 874 2841; x_wconf 85' lang='lat' dir='ltr'>est</span> <span class='ocrx_word' id='word_1_584' title='bbox 895 2812 983 2841; x_wconf 86' lang='lat' dir='ltr'>ratio</span> <span class='ocrx_word' id='word_1_585' title='bbox 1006 2813 1255 2850; x_wconf 86' lang='lat' dir='ltr'>particularum</span> <span class='ocrx_word' id='word_1_586' title='bbox 1279 2814 1323 2842; x_wconf 82' lang='grc' dir='ltr'>ὥσ</span> <span class='ocrx_word' id='word_1_587' title='bbox 1347 2812 1450 2851; x_wconf 69' lang='lat' dir='ltr'>x÷(v)?</span> <span class='ocrx_word' id='word_1_588' title='bbox 1473 2812 1618 2851; x_wconf 86' lang='lat' dir='ltr'>Legitur</span> 
     </span>
    </p>

    <p class='ocr_par' dir='ltr' id='par_1_11' title="bbox 176 2862 1990 3168">
     <span class='ocr_line' id='line_1_46' title="bbox 267 2862 901 2902; baseline 0.003 -11"><span class='ocrx_word' id='word_1_589' title='bbox 267 2864 311 2891; x_wconf 81' lang='grc' dir='ltr'>ὥσ</span> <span class='ocrx_word' id='word_1_590' title='bbox 335 2874 386 2891; x_wconf 75' lang='grc' dir='ltr'>κεν</span> <span class='ocrx_word' id='word_1_591' title='bbox 409 2862 495 2892; x_wconf 79' lang='lat' dir='ltr'>locis</span> <span class='ocrx_word' id='word_1_592' title='bbox 520 2863 571 2897; x_wconf 85' lang='lat'>13,</span> <span class='ocrx_word' id='word_1_593' title='bbox 596 2864 639 2892; x_wconf 81' lang='grc' dir='ltr'>ὥσ</span> <span class='ocrx_word' id='word_1_594' title='bbox 665 2875 706 2898; x_wconf 79' lang='grc' dir='ltr'>κε,</span> <span class='ocrx_word' id='word_1_595' title='bbox 730 2864 769 2898; x_wconf 74' lang='grc' dir='ltr'>κ’,</span> <span class='ocrx_word' id='word_1_596' title='bbox 792 2863 822 2902; x_wconf 69' lang='grc' dir='ltr'>χ’</span> <span class='ocrx_word' id='word_1_597' title='bbox 850 2865 901 2896; x_wconf 87' lang='grc'>28,</span> 
     </span>
     <span class='ocr_line' id='line_1_47' title="bbox 177 2913 1988 2956; baseline 0.002 -11"><span class='ocrx_word' id='word_1_598' title='bbox 177 2916 246 2945; x_wconf 83' lang='lat' dir='ltr'>iam</span> <span class='ocrx_word' id='word_1_599' title='bbox 270 2915 376 2952; x_wconf 84' lang='lat' dir='ltr'>igitur</span> <span class='ocrx_word' id='word_1_600' title='bbox 398 2913 538 2953; x_wconf 74' lang='grc' dir='ltr'>κενεκ(ε)</span> <span class='ocrx_word' id='word_1_601' title='bbox 556 2926 591 2938; x_wconf 92' lang='lat'><strong><em>=</em></strong></span> <span class='ocrx_word' id='word_1_602' title='bbox 609 2917 668 2945; x_wconf 87' lang='lat'>13:</span> <span class='ocrx_word' id='word_1_603' title='bbox 685 2917 725 2946; x_wconf 87' lang='lat'>28</span> <span class='ocrx_word' id='word_1_604' title='bbox 749 2916 820 2946; x_wconf 88' lang='lat' dir='ltr'>sive</span> <span class='ocrx_word' id='word_1_605' title='bbox 846 2917 913 2955; x_wconf 80' lang='lat' dir='ltr'>1s2,</span> <span class='ocrx_word' id='word_1_606' title='bbox 938 2920 970 2946; x_wconf 81' lang='lat' dir='ltr'>et</span> <span class='ocrx_word' id='word_1_607' title='bbox 995 2917 1115 2947; x_wconf 88' lang='lat' dir='ltr'>eadem</span> <span class='ocrx_word' id='word_1_608' title='bbox 1138 2918 1177 2947; x_wconf 88' lang='lat' dir='ltr'>fit</span> <span class='ocrx_word' id='word_1_609' title='bbox 1201 2918 1379 2956; x_wconf 88' lang='lat' dir='ltr'>proportio</span> <span class='ocrx_word' id='word_1_610' title='bbox 1400 2926 1477 2948; x_wconf 88' lang='lat' dir='ltr'>cum</span> <span class='ocrx_word' id='word_1_611' title='bbox 1501 2919 1745 2955; x_wconf 87' lang='lat' dir='ltr'>computantur</span> <span class='ocrx_word' id='word_1_612' title='bbox 1768 2918 1882 2947; x_wconf 89' lang='lat' dir='ltr'>cuncti</span> <span class='ocrx_word' id='word_1_613' title='bbox 1910 2917 1988 2955; x_wconf 87' lang='lat' dir='ltr'>loci,</span> 
     </span>
     <span class='ocr_line' id='line_1_48' title="bbox 181 2966 1989 3010; baseline 0.001 -13"><span class='ocrx_word' id='word_1_614' title='bbox 181 2966 308 3006; x_wconf 84' lang='lat' dir='ltr'>quibus</span> <span class='ocrx_word' id='word_1_615' title='bbox 336 2969 365 2997; x_wconf 78' lang='grc' dir='ltr'>εἴ</span> <span class='ocrx_word' id='word_1_616' title='bbox 395 2979 447 2996; x_wconf 75' lang='grc' dir='ltr'>κεν</span> <span class='ocrx_word' id='word_1_617' title='bbox 475 2968 530 2997; x_wconf 84' lang='lat' dir='ltr'>vel</span> <span class='ocrx_word' id='word_1_618' title='bbox 556 2969 591 2997; x_wconf 83' lang='grc' dir='ltr'>αἴ</span> <span class='ocrx_word' id='word_1_619' title='bbox 610 2979 660 2997; x_wconf 72' lang='grc' dir='ltr'>κεν</span> <span class='ocrx_word' id='word_1_620' title='bbox 689 2971 723 2998; x_wconf 83' lang='lat' dir='ltr'>et</span> <span class='ocrx_word' id='word_1_621' title='bbox 747 2970 864 2998; x_wconf 86' lang='lat' dir='ltr'>cuncti</span> <span class='ocrx_word' id='word_1_622' title='bbox 886 2967 1014 3006; x_wconf 83' lang='lat' dir='ltr'>quibus</span> <span class='ocrx_word' id='word_1_623' title='bbox 1038 2971 1067 2999; x_wconf 79' lang='grc' dir='ltr'>εἴ</span> <span class='ocrx_word' id='word_1_624' title='bbox 1087 2968 1150 3010; x_wconf 77' lang='grc' dir='ltr'>κ(ε)</span> <span class='ocrx_word' id='word_1_625' title='bbox 1175 2970 1227 2999; x_wconf 88' lang='lat' dir='ltr'>vel</span> <span class='ocrx_word' id='word_1_626' title='bbox 1250 2971 1285 2999; x_wconf 80' lang='grc' dir='ltr'>αἴ</span> <span class='ocrx_word' id='word_1_627' title='bbox 1305 2969 1370 3007; x_wconf 78' lang='grc' dir='ltr'>κ(ε)</span> <span class='ocrx_word' id='word_1_628' title='bbox 1392 2972 1474 3000; x_wconf 90' lang='lat' dir='ltr'>sunt</span> <span class='ocrx_word' id='word_1_629' title='bbox 1496 2970 1621 3000; x_wconf 85' lang='lat' dir='ltr'>tradita</span> <span class='ocrx_word' id='word_1_630' title='bbox 1650 2970 1705 3009; x_wconf 88' lang='lat'>(61</span> <span class='ocrx_word' id='word_1_631' title='bbox 1721 2979 1728 3000; x_wconf 72' lang='grc' dir='ltr'>ε</span> <span class='ocrx_word' id='word_1_632' title='bbox 1744 2969 1833 3008; x_wconf 86' lang='grc'><strong>120).</strong></span> <span class='ocrx_word' id='word_1_633' title='bbox 1854 2970 1989 3000; x_wconf 85' lang='lat' dir='ltr'>Satisne</span> 
     </span>
     <span class='ocr_line' id='line_1_49' title="bbox 176 3019 1990 3060; baseline 0.001 -10"><span class='ocrx_word' id='word_1_634' title='bbox 176 3023 326 3059; x_wconf 80' lang='lat' dir='ltr'>apparet</span> <span class='ocrx_word' id='word_1_635' title='bbox 360 3019 443 3049; x_wconf 84' lang='lat' dir='ltr'>nihil</span> <span class='ocrx_word' id='word_1_636' title='bbox 475 3028 550 3050; x_wconf 73' lang='lat' dir='ltr'>esse</span> <span class='ocrx_word' id='word_1_637' title='bbox 573 3019 796 3051; x_wconf 86' lang='lat' dir='ltr'>tribuendum</span> <span class='ocrx_word' id='word_1_638' title='bbox 820 3024 1022 3059; x_wconf 78' lang='lat' dir='ltr'>argumento</span> <span class='ocrx_word' id='word_1_639' title='bbox 1046 3031 1112 3060; x_wconf 90' lang='lat' dir='ltr'>quo</span> <span class='ocrx_word' id='word_1_640' title='bbox 1137 3031 1176 3052; x_wconf 86' lang='lat' dir='ltr'>ea</span> <span class='ocrx_word' id='word_1_641' title='bbox 1200 3020 1336 3060; x_wconf 85' lang='lat' dir='ltr'>possint</span> <span class='ocrx_word' id='word_1_642' title='bbox 1360 3022 1588 3052; x_wconf 87' lang='lat' dir='ltr'>demonstrari</span> <span class='ocrx_word' id='word_1_643' title='bbox 1611 3031 1699 3060; x_wconf 87' lang='lat' dir='ltr'>quae</span> <span class='ocrx_word' id='word_1_644' title='bbox 1723 3022 1876 3052; x_wconf 86' lang='lat' dir='ltr'>adversis</span> <span class='ocrx_word' id='word_1_645' title='bbox 1899 3022 1990 3052; x_wconf 86' lang='lat' dir='ltr'>inter</span> 
     </span>
     <span class='ocr_line' id='line_1_50' title="bbox 180 3072 1988 3112; baseline 0.001 -10"><span class='ocrx_word' id='word_1_646' title='bbox 180 3081 219 3102; x_wconf 86' lang='lat' dir='ltr'>se</span> <span class='ocrx_word' id='word_1_647' title='bbox 243 3072 415 3102; x_wconf 80' lang='lat' dir='ltr'>frontibus</span> <span class='ocrx_word' id='word_1_648' title='bbox 436 3073 611 3109; x_wconf 86' lang='lat' dir='ltr'>pugnent?</span> <span class='ocrx_word' id='word_1_649' title='bbox 796 3073 812 3103; x_wconf 87' lang='lat' dir='ltr'>b</span> <span class='ocrx_word' id='word_1_650' title='bbox 837 3073 852 3112; x_wconf 84' lang='lat'><strong>§</strong></span> <span class='ocrx_word' id='word_1_651' title='bbox 880 3074 908 3103; x_wconf 79' lang='lat'>7.</span> <span class='ocrx_word' id='word_1_652' title='bbox 1075 3083 1092 3104; x_wconf 81' lang='lat' dir='ltr'>c</span> <span class='ocrx_word' id='word_1_653' title='bbox 1126 3074 1244 3104; x_wconf 88' lang='lat' dir='ltr'>Altero</span> <span class='ocrx_word' id='word_1_654' title='bbox 1267 3076 1383 3104; x_wconf 85' lang='lat' dir='ltr'>tamen</span> <span class='ocrx_word' id='word_1_655' title='bbox 1406 3074 1482 3104; x_wconf 89' lang='lat' dir='ltr'>loco</span> <span class='ocrx_word' id='word_1_656' title='bbox 1505 3078 1525 3104; x_wconf 89' lang='lat'>1</span> <span class='ocrx_word' id='word_1_657' title='bbox 1546 3075 1609 3104; x_wconf 88' lang='grc'>359</span> <span class='ocrx_word' id='word_1_658' title='bbox 1634 3075 1670 3104; x_wconf 83' lang='grc' dir='ltr'>αἴ</span> <span class='ocrx_word' id='word_1_659' title='bbox 1684 3074 1708 3104; x_wconf 83' lang='grc' dir='ltr'>κ’</span> <span class='ocrx_word' id='word_1_660' title='bbox 1736 3074 1910 3112; x_wconf 71' lang='grc' dir='ltr'><strong><em>ἐθέληισθα</em></strong></span> <span class='ocrx_word' id='word_1_661' title='bbox 1937 3077 1988 3104; x_wconf 84' lang='lat' dir='ltr'>est</span> 
     </span>
     <span class='ocr_line' id='line_1_51' title="bbox 179 3123 1954 3168; baseline 0.001 -14"><span class='ocrx_word' id='word_1_662' title='bbox 179 3124 215 3154; x_wconf 91' lang='lat' dir='ltr'>in</span> <span class='ocrx_word' id='word_1_663' title='bbox 237 3125 311 3155; x_wconf 86' lang='lat' dir='ltr'>cod.</span> <span class='ocrx_word' id='word_1_664' title='bbox 334 3125 362 3155; x_wconf 93' lang='lat' dir='ltr'>L</span> <span class='ocrx_word' id='word_1_665' title='bbox 383 3123 542 3162; x_wconf 84' lang='lat' dir='ltr'>aliisque.</span> <span class='ocrx_word' id='word_1_666' title='bbox 654 3124 677 3155; x_wconf 91' lang='lat' dir='ltr'>d</span> <span class='ocrx_word' id='word_1_667' title='bbox 699 3126 803 3164; x_wconf 88' lang='lat' dir='ltr'>Hipp.</span> <span class='ocrx_word' id='word_1_668' title='bbox 828 3123 1024 3156; x_wconf 80' lang='lat' dir='ltr'>Min.370b.</span> <span class='ocrx_word' id='word_1_669' title='bbox 1135 3135 1151 3156; x_wconf 85' lang='lat' dir='ltr'>e</span> <span class='ocrx_word' id='word_1_670' title='bbox 1169 3126 1269 3156; x_wconf 87' lang='lat' dir='ltr'>Rhet.</span> <span class='ocrx_word' id='word_1_671' title='bbox 1292 3126 1346 3156; x_wconf 88' lang='grc' dir='ltr'>ΠΙ</span> <span class='ocrx_word' id='word_1_672' title='bbox 1371 3126 1431 3156; x_wconf 84' lang='grc'>141</span> <span class='ocrx_word' id='word_1_673' title='bbox 1454 3126 1604 3165; x_wconf 82' lang='lat' dir='ltr'>Spengel</span> <span class='ocrx_word' id='word_1_674' title='bbox 1626 3125 1724 3168; x_wconf 88' lang='lat' dir='ltr'>(VIII</span> <span class='ocrx_word' id='word_1_675' title='bbox 1749 3128 1811 3156; x_wconf 79' lang='lat'>649</span> <span class='ocrx_word' id='word_1_676' title='bbox 1836 3124 1954 3165; x_wconf 87' lang='lat' dir='ltr'>Walz).</span> 
     </span>
    </p>
   </div>
  </div>
 </body>
</html>
