2234 3443
216 196 306 233 414
804 205 858 233 DE
890 205 1145 234 PAR'rmums
1177 207 1455 237 EMPHATICIS.
1745 198 1784 243 [ἓ
1817 197 1916 246 328,
1949 198 2034 237 329

217 321 334 358 rent:
383 321 426 359 id
472 321 585 369 quod
632 332 654 360 ο
700 322 744 360 di
784 321 1045 370 significare,
1090 333 1115 360 a
1157 323 1400 371 Dryopibus
1442 323 1645 361 videlicet
1675 322 1834 360 πόπουσ
1859 325 2038 362 vocatos

211 396 313 425 esse
344 386 440 425 τοὺσ
471 388 715 437 δαίμονασα,
746 391 790 427 et
821 389 933 428 inter
965 389 1153 437 Scythas
1185 390 1365 428 deorum
1398 390 1610 438 quasdam
1642 390 1859 438 imagines
1880 389 2038 428 πόπουσ

215 463 376 493 nomen
421 453 668 494 habuisseb.
717 456 833 504 Quae
885 456 992 495 iocis
1039 466 1171 504 quam
1217 456 1477 495 eruditionis
1524 456 1801 495 documentis
1835 456 2038 494 videntur

216 520 443 571 similiora,
481 523 524 561 et
554 523 733 562 deorum
766 519 1113 571 „Triballorum”
1141 524 1184 562 in
1202 524 1376 563 theatro
1394 523 1652 562 Atheniensi
1670 523 1773 562 olim
1792 523 2035 562 locutorum

214 588 554 628 reminiscimur.
598 590 748 629 Fidem
789 592 938 629 tamen
980 591 1048 629 his
1091 592 1219 639 nugis
1262 591 1364 630 olim
1409 591 1654 630 habuerunt
1685 591 1865 630 Homeri
1896 591 2037 629 imita·

215 656 373 705 tores0‚
415 658 462 695 ut
502 657 768 696 recentiores
810 658 984 696 criticos
1025 655 1315 705 mittamusd;
1359 659 1411 696 ad
1448 668 1557 706 quas
1596 658 1849 696 refutandas
1879 658 2041 697 sufficit

216 721 258 760 id
291 724 401 770 quod
435 724 639 773 opposuit
670 725 973 764 Aristarchus:
1012 727 1173 773 „etiam
1207 726 1314 774 ipsis
1349 726 1414 764 dis
1446 726 1558 764 hanc
1591 735 1741 764 vocem
1769 726 1812 763 in
1840 725 2039 764 carmini·

212 787 297 827 bus
329 791 462 838 epicis
493 801 621 840 saepe
648 802 744 830 esse
771 792 982 831 tributam
998 800 1026 831 ε.

953 1122 1158 1163 CAPUT
1187 1123 1299 1163 VIII.

214 1249 317 1299 DE
350 1249 565 1301 IUSTO
599 1250 1075 1302 VOCULARUM
1110 1251 1183 1301 IN
1215 1250 1663 1302 ENUNTIATIS
1696 1251 1976 1302 ORDINE
1993 1253 2032 1302 f.

336 1396 361 1445 ᾗ·
403 1396 503 1440 329.
535 1398 686 1437 Plures
718 1399 899 1437 voculae
940 1409 1036 1437 cum
1076 1399 1279 1447 deinceps
1322 1399 1657 1448 usurpabantur,
1693 1398 1933 1447 particulae
1963 1413 2035 1447 περ

216 1466 260 1503 et
290 1479 333 1515 γε
372 1466 769 1513 praemittebantur
801 1467 980 1514 ceteris;
1014 1476 1081 1505 ex.
1116 1476 1202 1514 gr.:
1237 1466 1276 1503 εἴ
1301 1480 1373 1516 περ
1400 1466 1488 1517 γάρ,
1515 1466 1554 1504 εἴ
1580 1465 1651 1516 πέρ
1683 1480 1738 1515 κε,
1769 1472 1839 1504 τοῦ
1867 1480 1939 1516 περ
1972 1466 2035 1516 δή,

212 1521 381 1570 ’ᾖόθεόν
413 1546 455 1583 γε
487 1531 571 1583 μέν,
606 1533 708 1573 alst.

335 1600 570 1639 Proximus
611 1604 705 1640 erat
736 1602 857 1641 locus
885 1601 1113 1650 particulis
1144 1600 1230 1651 μέν,
1260 1599 1315 1650 δέ,
1347 1615 1384 1639 τε
1416 1598 1747 1650 copulativaeb;
1782 1612 1849 1641 eX.
1881 1612 1968 1649 gr.:
1998 1602 2038 1639 οἳ

218 1663 260 1704 δὲ
306 1667 370 1717 δή,
415 1667 450 1705 εἰ
489 1666 533 1705 δέ
578 1683 659 1718 κεν,
701 1667 775 1719 ἐγὼ
810 1667 853 1706 δέ
884 1667 926 1706 κέ
957 1683 1029 1718 τοι,
1064 1667 1111 1707 οὐ
1143 1666 1215 1718 μὲν
1245 1669 1335 1720 γάρ,
1365 1666 1455 1713 οὔτε
1484 1683 1540 1715 κε,
1571 1664 1650 1706 οὔτ’
1685 1666 1775 1718 ἄρα.
1809 1668 1909 1707 Alia
1940 1671 2034 1707 erat

214 1735 328 1773 ratio
368 1735 440 1773 ubi
477 1738 595 1774 certo
627 1736 837 1775 vocabulo
869 1737 1134 1776 orationisve
1166 1737 1280 1785 parti
1310 1736 1478 1785 pondus
1509 1735 1695 1775 addebat
1725 1734 1810 1785 μέν,
1843 1741 1911 1775 ex.
1944 1746 2031 1784 gr.:

217 1799 265 1839 οὔ
297 1816 332 1838 τι
363 1801 619 1852 περιπληθὴσ
649 1803 740 1841 λίην
772 1803 903 1853 τόσον,
934 1799 1015 1841 ἀλλ’
1049 1801 1188 1854 ἀγαθὴ
1220 1802 1292 1852 μέν
1307 1801 1330 1840 ί.

335 1870 455 1908 Inter
494 1872 662 1909 ceteras
703 1870 941 1919 particulas
983 1871 1175 1919 primum
1211 1870 1358 1909 locum
1401 1870 1625 1909 obtinebat
1664 1869 1752 1921 γάρ,
1788 1880 1857 1909 ex,
1890 1880 1975 1918 gr.:
2008 1863 2033 1919 ἧ

211 1936 290 1987 ιγάρ
323 1951 378 1985 κε,
405 1937 464 1974 τίσ
494 1937 569 1989 γάρ
601 1951 656 1987 κε,
680 1937 720 1975 εἴ
743 1951 815 1987 περ
847 1938 921 1989 γάρ
952 1952 1007 1988 κε,
1038 1932 1094 1976 ὧσ
1125 1938 1199 1988 γάρ
1231 1937 1281 1976 νύ
1313 1952 1386 1977 τοι.

334 2004 488 2044 Certus
534 2006 668 2044 etiam
715 2006 1029 2055 particularum
1072 2005 1142 2043 καί
1176 2006 1225 2044 νύ
1256 2020 1338 2056 κεν,
1365 2005 1403 2052 ἐξ
1435 2003 1512 2055 ἄρα
1545 2005 1608 2055 δή,
1635 2003 1783 2044 ὁππότε
1813 2019 1882 2043 κεν
1914 2004 1979 2054 δή,
2008 1998 2032 2054 ἧ

214 2069 266 2120 ,ρά
298 2087 360 2120 νυ,
394 2072 454 2109 τίσ
484 2072 546 2110 τοί
573 2088 624 2111 νυ
657 2076 750 2112 erat
781 2074 899 2113 ordo.

335 2140 567 2179 Particulis
612 2141 987 2190 postponebantur
1032 2151 1271 2190 pronomen
1316 2137 1584 2190 indefinitum
1621 2151 1680 2179 τισ
1720 2142 1765 2179 et
1808 2138 2033 2179 indefinita

218 2207 433 2255 particula
472 2221 510 2245 τε
526 2204 554 2257 7‘,
598 2219 795 2256 quaeque
835 2211 1063 2257 praeterea
1102 2210 1289 2257 cognata
1319 2208 1519 2247 fuerunt:
1552 2210 1654 2246 ποθι
1685 2208 1780 2247 sive
1807 2221 1902 2256 που,
1934 2217 2036 2256 πωσ,

217 2287 293 2322 πω,
321 2288 427 2323 ποτε,
456 2289 542 2324 nm,
571 2279 715 2313 ποθεν.
745 2276 888 2315 Unius
919 2276 1040 2315 vocis
1071 2276 1213 2314 instar
1244 2275 1517 2314 habebantur
1547 2275 1607 2311 τίσ
1639 2288 1676 2312 τε
1708 2276 1749 2313 et
1783 2273 1829 2312 ὄσ
1858 2285 1928 2312 τισ.
1955 2273 2033 2312 Ex.

216 2351 303 2389 gr.:
338 2340 399 2379 ὅτε
429 2340 496 2379 κέν
527 2353 601 2391 τισ,
631 2342 678 2381 ὅν
710 2343 760 2393 ῥά
786 2337 907 2394 τισ,ἧ
939 2343 1020 2382 πού
1051 2342 1088 2380 τί
1117 2354 1173 2393 σε,
1203 2341 1268 2380 καὶ
1299 2343 1374 2394 γάρ
1405 2342 1466 2380 τίσ
1497 2356 1548 2391 τε,
1579 2341 1626 2380 ὅσ
1651 2341 1701 2392 ῥά
1726 2355 1777 2391 τε,
1804 2337 1880 2379 οὔτ’
1908 2339 1956 2390 ἅρ
1982 2354 2036 2389 τε,

218 2406 266 2446 οὔ
297 2409 348 2446 νύ
379 2422 430 2459 τε,
461 2408 508 2446 αἴ
530 2407 599 2447 κέν
630 2424 731 2460 nmo,
761 2410 808 2449 ὅν
838 2426 927 2448 τινα
958 2410 1044 2459 μέν,
1075 2409 1121 2448 ὅσ
1152 2410 1214 2447 τίσ
1243 2424 1286 2448 κε
1301 2408 1329 2447 k.
1358 2410 1697 2458 Nonnumquam
1723 2411 1872 2448 tamen
1891 2409 2034 2447 certas

212 2476 269 2514 vob
296 2486 452 2515 causas
483 2488 543 2514 τισ
573 2480 618 2516 et
648 2491 741 2516 ποτε
769 2478 942 2526 longius
972 2478 1024 2516 ab
1057 2478 1183 2516 initio
1216 2478 1433 2516 enuntiati
1460 2477 1822 2524 removebantur;
1856 2486 1923 2514 ex.
1947 2486 2033 2524 gr.:

512 2550 579 2583 τῶι
611 2559 652 2583 κε
675 2545 770 2595 τάχα
802 2551 1003 2597 στυγερῶσ
1033 2541 1105 2582 τιν’
1141 2543 1216 2596 ἐγὼ
1247 2543 1453 2594 πέμψαιμι
1483 2543 1648 2582 νέεσθαι
1663 2541 1684 2582 l.

512 2618 579 2650 τῶι
611 2612 664 2662 μή
696 2627 763 2661 μοι
794 2612 969 2662 πατέρασ
1000 2609 1098 2651 ποθ’
1137 2610 1272 2662 ὁμοίκι
1301 2611 1421 2650 ἔνθεο
1454 2617 1620 2660 uitium.

336 2679 648 2718 Pronominum
684 2681 973 2731 personalium
1004 2681 1172 2719 formae
1203 2680 1430 2719 encliticae
1462 2678 1786 2718 collocabantur
1816 2680 1914 2727 post
1943 2688 2035 2726 par-

214 2745 375 2784 ticulas
415 2749 457 2784 et
498 2749 755 2795 pronomina
786 2758 849 2797 ea,
883 2748 934 2786 de
975 2748 1133 2795 quibus
1165 2747 1293 2786 modo
1326 2757 1471 2785 sermo
1504 2747 1609 2794 fuit3
1639 2756 1708 2786 ex.
1740 2756 1827 2794 gr.:
1861 2743 1909 2783 οὔ
1941 2744 2034 2782 ποτέ

306 2903 325 2921 a
350 2893 440 2923 Plut.
465 2894 548 2923 Mor.
572 2895 612 2927 22
627 2893 657 2924 d.
792 2894 807 2924 h
836 2895 889 2924 Et.
913 2895 957 2924 M.
979 2893 1054 2930 823,
1079 2895 1131 2924 31.
1274 2903 1290 2923 c
1314 2894 1395 2931 Pag.
1420 2894 1459 2922 31
1483 2892 1511 2927 b,
1537 2902 1563 2922 c.
1697 2892 1720 2922 d
1744 2891 1823 2922 Fuit
1846 2893 1949 2921 etiam
1974 2891 2033 2929 qui

219 2946 339 2973 ὠπόηοι
367 2947 557 2984 optativum
587 2950 737 2983 vocaret,
762 2946 854 2983 „sehe
882 2947 1004 2977 einer!”
1027 2948 1292 2985 interpretatus:
1316 2946 1551 2975 horrescimus
1575 2945 1764 2974 reserentes
1787 2943 1846 2981 (cf.
1871 2945 2034 2974 MnemOS.

222 2998 318 3032 1888,
343 2999 382 3026 27
406 2999 483 3036 sq.).
616 3009 632 3028 e
656 3003 689 3028 X
713 3001 774 3030 168
799 3012 818 3029 α
845 2999 885 3029 32
911 3000 954 3028 al.
1091 2999 1122 3039 s
1141 3000 1259 3029 Monro
1283 2999 1382 3028 Hom.
1408 2994 1606 3028 Grammar²
1628 2995 1733 3035 §365.
1864 2996 2032 3034 quscro-

219 3052 320 3087 pant:
351 3051 396 3078 εἰσ
430 3052 445 3079 ὅ
480 3052 512 3080 κέ
541 3062 598 3092 περ
635 3056 652 3082 Ι
685 3054 736 3088 46,
779 3054 862 3082 αἵκὲ
888 3063 944 3092 περ
970 3055 1003 3081 H
1025 3053 1101 3086 387,
1122 3053 1198 3081 ὅθεν
1221 3052 1252 3081 τὲ
1277 3061 1334 3091 περ
1358 3063 1376 3088 γ
1401 3052 1477 3086 321,
1504 3051 1621 3079 αὑτοὺσ
1645 3050 1682 3087 δή
1706 3059 1763 3088 περ
1788 3049 1879 3077 ἔασον
1906 3048 1932 3077 Θ
1956 3047 2030 3075 243.

353 3101 372 3131 lz
408 3103 423 3139 [5
447 3101 537 3134 325¹.
671 3104 683 3133 ι’
719 3116 734 3133 ο
759 3105 834 3134 405.
960 3103 982 3143 j
1015 3104 1034 3142 ξ
1060 3102 1152 3134 328².
1287 3103 1306 3132 lc
1341 3104 1370 3132 εἴ
1388 3113 1463 3132 ποτε
1487 3101 1672 3132 coniuncta
1696 3103 1776 3130 sunt
1799 3100 1833 3129 in
1860 3099 2031 3131 locutione

217 3156 250 3183 ,εἷ’
270 3164 344 3183 ποτε
368 3156 405 3192 δή
430 3157 462 3185 Λ
488 3158 551 3185 394
574 3157 630 3192 al.;
658 3157 718 3186 sed
743 3160 778 3186 et
802 3158 830 3186 εἰ
852 3157 888 3194 δή
913 3167 997 3191 ποτε,
1019 3159 1052 3186 Λ
1079 3158 1131 3186 40.
1267 3155 1322 3195 ῖφ
1349 3156 1423 3185 374.
1558 3164 1585 3183 m
1610 3156 1637 3183 Δ
1661 3153 1735 3183 410.
