2234 3443
926 181 1183 210 PRAEFATIO.
1890 169 1942 206 31

124 300 523 350 Argonauticorum
571 299 624 347 ei,
670 298 757 345 qui,
791 296 952 345 Orphei
998 295 1160 334 sumsit
1205 303 1453 342 personam,
1502 303 1588 331 vox
1635 292 1676 331 οἱ
1719 293 1834 331 facta
1881 294 1953 330 est

125 367 339 418 particula
370 366 637 415 expletivaa.

245 435 390 474 Etiam
431 432 676 482 oriyinandi
715 442 787 470 ars
828 430 979 479 fallax,
1023 430 1066 468 in
1108 428 1410 476 sophistarum
1448 426 1611 465 scholis
1642 428 1758 474 nata,
1792 426 1954 464 studiis

126 502 375 542 Homericis
421 511 507 540 non
549 499 659 539 nihil
705 498 855 538 damni
902 497 1073 542 intulit;
1117 506 1220 534 nam
1254 495 1516 543 interpretes
1548 494 1650 532 dum
1683 492 1814 531 huius
1844 492 1954 530 artis

127 580 222 619 ope,
264 578 374 617 quae
414 569 530 607 inter
570 569 746 606 veteres
781 588 831 593 —
868 567 911 604 et
953 565 1024 603 diu
1067 564 1242 612 postea!
1280 584 1332 589 —
1367 562 1441 599 vix
1481 561 1718 609 quicquam
1765 560 1861 598 sani
1907 559 1951 597 in

127 636 271 676 lucem
313 635 510 685 protulit,
554 644 707 673 cascas
740 643 870 672 voces
902 632 1126 671 illustrare
1158 631 1385 677 conantur,
1419 627 1605 667 ridicule
1636 627 1821 666 subinde
1854 628 1960 664 sunt

127 704 253 753 lapsi.
295 702 430 743 Cuius
470 702 613 742 morbi
653 701 814 740 indicia
856 699 1082 747 complura
1122 698 1212 736 iam
1255 696 1649 745 deprehendimus;
1682 695 1830 734 addita
1860 696 1957 733 esto

128 771 374 810 interiectio
407 764 437 808 ὦ
467 768 608 818 πόποι,
637 779 748 817 quae
775 768 816 806 id
843 767 956 815 quod
983 768 1121 803 παπαῖ
1143 765 1211 804 vel
1238 763 1345 812 οἴμοι
1373 763 1562 812 valebat,
1589 763 1683 802 deos
1708 760 1957 810 significare

129 841 173 878 et
219 848 242 877 e
285 838 509 887 Dryopum
552 837 621 876 vel
665 846 688 875 e
729 835 996 883 Scytharum
1037 833 1189 881 lingua
1230 831 1418 880 repetita
1451 840 1546 870 esse
1580 840 1678 869 cum
1712 828 1812 867 aliis
1845 828 1956 877 visa,

127 908 224 945 tum
265 905 540 954 Lycophroni
579 904 658 953 illi,
701 903 771 951 qui
815 902 1059 941 Homerum
1099 900 1268 938 imitari
1310 900 1353 937 et
1394 898 1541 937 verbis
1581 897 1745 946 optime
1779 896 1959 934 Graecis

129 972 195 1012 uti
225 982 273 1012 se
304 974 428 1011 ratus
459 972 575 1010 hunc
605 970 709 1010 fecit
739 970 992 1009 trimetrum
1027 968 1292 1007 iambicum:

544 1037 680 1088 τοίγαρ
711 1037 838 1075 πόποι
869 1037 1044 1085 φύξηλιν
1075 1033 1292 1085 ἥνὸρωσαν
1325 1033 1492 1083 σπόρον,

130 1107 176 1147 di
198 1107 475 1157 supitivorum
502 1106 665 1155 prolem
706 1106 763 1144 ad
803 1103 1122 1144 adolescentiam
1151 1098 1482 1151 perduxeruntb.
1526 1101 1637 1139 Item
1680 1099 1955 1147 Euphorion:

546 1171 588 1211 ἐν
619 1170 662 1211 δὲ
693 1169 854 1210 πόποισ’
892 1169 1072 1219 ἕσσαντο,

130 1242 238 1280 inter
267 1241 361 1281 deos
391 1241 700 1280 consederunlc.

250 1309 466 1348 Mittimus
492 1318 608 1347 nunc
634 1317 804 1347 errores
826 1306 999 1345 facilius
1027 1304 1350 1351 condonandos,
1379 1302 1523 1350 qualis
1550 1304 1618 1340 est
1644 1311 1730 1340 vox
1757 1298 1962 1349 ἀλφησταί

133 1376 204 1416 vel
224 1376 374 1425 potius
398 1374 604 1425 ἀλφεσταί,
630 1385 741 1423 quae
768 1375 918 1414 hordeo
944 1375 1141 1412 vescentes
1166 1369 1400 1419 significat,
1430 1370 1481 1408 ad
1510 1368 1748 1407 inveniendi
1774 1367 1956 1406 verbum

132 1442 328 1492 ἀλφάνειν
358 1443 498 1483 relata
530 1444 573 1482 et
604 1453 653 1482 eo
685 1453 769 1490 quo
799 1443 976 1481 sollertes
1006 1450 1140 1479 sensu
1173 1434 1430 1486 usurpatad.
1468 1436 1617 1483 Neque
1645 1435 1826 1483 urgendi
1854 1435 1960 1473 sunt

134 1510 314 1560 Vergilii
346 1510 524 1559 quidam
558 1520 728 1549 errores
760 1510 804 1548 in
837 1509 985 1548 verbis
1018 1507 1202 1546 Homeri
1234 1504 1465 1544 reddendis
1498 1504 1727 1542 commissi
1760 1502 1968 1550 quamvis

136 1578 386 1618 manifesti:
417 1578 518 1617 vina
550 1580 851 1617 coronante=
871 1574 1139 1624 ἐπεστέψαντο
1171 1573 1309 1611 πότοιο
1322 1569 1352 1620 f,
1380 1570 1569 1619 perpetui
1594 1572 1707 1618 teryo
1739 1569 1877 1608 bovise
1905 1583 1962 1599 =

135 1646 298 1684 νώτοισι
329 1644 575 1695 διηνεκέεσσι
588 1642 620 1694 7¹,
651 1640 938 1684 Inarimei=
958 1641 1016 1680 εἰν
1049 1639 1121 1686 (ἐν)
1154 1635 1383 1688 Ἀρίμοισιά.

255 1712 400 1752 Etiam
427 1713 472 1751 in
504 1712 738 1752 verborum
765 1710 931 1760 figuris,
962 1710 1120 1758 quibus
1146 1708 1297 1755 lingua
1324 1706 1446 1754 epica
1467 1714 1549 1743 usa
1580 1706 1662 1753 est,
1690 1702 1965 1752 explicandis

138 1782 309 1820 veteres
340 1789 471 1828 saepe
503 1781 548 1819 et
578 1779 706 1828 longe
738 1789 764 1818 a
794 1788 897 1817 vero
929 1777 1202 1816 aberrarunt.
1237 1773 1429 1823 Quarum
1458 1771 1626 1810 multae
1654 1772 1761 1821 ipsis
1788 1770 1970 1810 Graecis

135 1847 360 1896 aliquanto
407 1846 673 1886 difficiliores
720 1845 947 1885 intellectu
994 1844 1173 1882 fuerunt
1220 1851 1353 1888 quam
1402 1842 1509 1878 sunt
1556 1838 1681 1878 nobis
1732 1839 1806 1886 qui
1851 1847 1971 1876 nunc

138 1915 346 1954 vivimus.
379 1914 448 1953 Illi
480 1915 599 1953 enim
631 1914 776 1962 prisca
808 1913 1007 1952 carmina
1039 1911 1081 1949 in
1109 1909 1261 1948 schola
1286 1909 1350 1946 ita
1376 1907 1601 1946 discebant
1632 1908 1678 1945 ut
1705 1906 1808 1944 data
1834 1914 1968 1953 opera

138 1982 457 2032 perpenderent
498 1981 704 2029 quicquid
745 1981 789 2018 in
830 1980 899 2018 his
931 1977 1207 2026 discrepabat
1241 1986 1266 2014 a
1297 1975 1448 2022 lingua
1481 1973 1735 2021 vernacula,
1770 1982 1855 2020 qua
1886 1972 1972 2020 ipsi

138 2050 397 2097 utebantur;
440 2048 503 2087 sic
544 2051 710 2095 autem,
751 2048 795 2085 in
839 2046 915 2085 illa
954 2044 1239 2095 potissimum
1273 2042 1382 2080 artis
1413 2041 1734 2089 grammaticae
1766 2039 1970 2088 infantia,

137 2116 232 2157 fieri
272 2117 349 2155 vix
390 2117 561 2165 poterat
601 2115 706 2163 quin
737 2124 869 2153 sonos
901 2113 1012 2162 ipsis
1043 2112 1144 2150 inde
1177 2121 1201 2150 a
1233 2110 1376 2159 prima
1412 2108 1601 2157 pueritia
1632 2109 1763 2146 notos
1794 2106 1971 2155 linguae

140 2186 367 2224 maternae
408 2185 452 2223 et
494 2183 601 2223 olim
637 2182 836 2232 proprios
866 2181 1019 2229 fuisse,
1053 2180 1096 2218 in
1129 2188 1205 2218 eos
1236 2179 1400 2224 autem,
1435 2185 1544 2223 quos
1574 2174 1738 2214 habent
1771 2174 1971 2213 carmina

140 2252 274 2301 epica,
322 2252 554 2300 poetarum
595 2249 776 2288 libidine
818 2251 1018 2287 mutatos
1060 2256 1158 2285 esse
1200 2244 1536 2283 arbitrarentur.
1584 2242 1750 2290 Nempe
1796 2240 1974 2280 barbari

139 2319 234 2357 sive
278 2317 390 2358 balbi
434 2317 490 2356 iis
536 2317 772 2356 audiebant
813 2325 969 2355 omnes
1006 2314 1080 2362 qui
1121 2322 1208 2352 non
1249 2312 1444 2360 ipsorum
1487 2310 1638 2358 lingua
1674 2306 1967 2348 utebanturk:

142 2386 250 2425 haec
290 2385 386 2425 sola
426 2384 561 2433 proba
592 2384 821 2422 videbatur
853 2385 896 2422 et
929 2382 1134 2430 genuina,
1168 2380 1361 2418 Homero
1391 2379 1537 2416 autem
1577 2375 1697 2427 ,ἐξῆν
1729 2373 1749 2414 ὃ
1781 2376 1970 2426 βούλοιτο

142 2449 340 2504 λέγειν”ῖ.
384 2451 537 2501 Qualia
567 2461 655 2490 non
688 2451 741 2489 ab
776 2450 958 2489 incultis
990 2448 1296 2497 imperitisque
1328 2447 1504 2484 tantum
1538 2444 1793 2483 hominibus
1825 2443 1894 2482 vel
1927 2444 1971 2481 in

144 2520 414 2559 comicorum
453 2519 696 2558 iocantium
738 2518 920 2567 pulpitis
961 2518 1064 2555 sunt
1104 2514 1289 2563 prolata,
1329 2513 1405 2551 sed
1439 2514 1483 2550 et
1514 2511 1829 2550 eruditissimis
1862 2510 1971 2548 viris

142 2587 418 2637 placuerunt.
443 2586 656 2633 Exemplo
680 2586 768 2624 sint
792 2594 903 2632 quae
933 2594 1018 2622 non
1046 2583 1258 2621 obscurus
1284 2579 1419 2627 aliqui
1445 2578 1753 2626 ludimagister
1778 2577 1970 2626 scripsit,

145 2654 222 2694 sed
253 2653 516 2693 Aristoteles
543 2652 852 2702 philosophus:
889 2652 960 2700 „in
986 2650 1161 2689 dictione
1186 2648 1301 2697 epica
1327 2644 1636 2695 ἐπεκτεταμένου
1665 2642 1768 2682 ἐστὶν
1794 2641 1820 2693 ἢ
1847 2642 1969 2693 &qam-

149 2720 365 2772 „pvws'vorq
410 2719 452 2759 τὸ
498 2717 570 2769 μὲν
618 2718 688 2758 ἐὰν
735 2719 939 2768 φωνήεντι
980 2714 1225 2767 μακροτέρωι
1265 2712 1511 2765 κεχρημένον
1552 2706 1592 2762 ἧι
1634 2716 1705 2749 τοῦ
1753 2709 1903 2748 οἰκείου
1942 2707 1969 2760 ἢ

234 2877 255 2896 a
276 2867 453 2897 Hermann
476 2866 616 2904 Orphic.
641 2865 704 2895 773
730 2874 807 2902 sqq.
975 2862 990 2892 b
1013 2862 1186 2900 Lycophr.
1211 2861 1307 2891 Alex.
1332 2861 1408 2890 943.
1580 2867 1596 2888 c
1622 2857 1733 2896 Apoll.
1758 2857 1840 2887 Lex.
1865 2856 1975 2892 hom.,

148 2919 166 2957 ἐ
191 2916 282 2949 3288.
413 2918 436 2949 d
457 2919 580 2948 Aesch.
604 2919 698 2956 Sept.
725 2918 799 2947 771.
824 2916 916 2945 Aevo
940 2914 1040 2954 epico
1062 2923 1189 2944 nomen
1219 2912 1406 2943 vale-hantis
1429 2921 1446 2941 e
1471 2909 1578 2940 simili
1603 2918 1717 2940 errore
1736 2912 1855 2939 natum
1881 2917 1973 2944 esse,

146 2971 227 3002 inde
251 2975 366 3001 antem
390 2972 544 3009 tragicae
568 2970 732 3000 dictionis
753 2969 896 2999 verbum
921 2971 1101 3006 καλχαινειν
1122 2967 1274 3001 fluxisse,
1301 2966 1574 2995 demonstratum
1600 2964 1662 2992 ivit
1685 2962 1774 2993 Jebb
1799 2961 1841 2991 ad
1865 2961 1971 2999 Soph.

148 3025 226 3054 Ant.
251 3025 304 3053 20.
461 3032 478 3053 e
500 3025 582 3053 Aen.
604 3023 620 3052 Ι
645 3023 725 3058 7243
752 3022 795 3051 cf.
819 3021 872 3050 III
897 3021 973 3050 525.
1121 3019 1144 3056 f
1162 3021 1197 3048 A
1222 3019 1286 3048 470
1312 3018 1367 3053 al„
1391 3017 1589 3046 :crateras
1611 3014 1788 3054 implebant
1810 3023 1907 3054 usque
1929 3003 1977 3042 ad*

148 3085 246 3113 oram,
269 3075 462 3105 reddebant
483 3075 669 3115 ἐπιστεφέασ
692 3077 824 3112 fulvom,
847 3076 886 3103 ut
908 3072 1037 3102 dicitur
1064 3073 1090 3102 Θ
1113 3072 1188 3101 232.
1319 3079 1340 3109 q
1366 3072 1446 3098 Aen.
1475 3067 1557 3097 Vm
1584 3069 1658 3097 182.
1796 3066 1816 3095 Ιι
1840 3069 1873 3096 Η
1893 3067 1970 3095 321.

282 3127 294 3157 i
317 3130 399 3157 Aen.
423 3126 471 3156 IX
494 3127 569 3157 715.
696 3125 718 3164 j
737 3129 764 3155 Β
788 3126 864 3155 783.
1000 3124 1020 3153 lc
1039 3122 1233 3153 Praeeunte
1251 3122 1328 3160 ipso
1348 3122 1499 3151 Homero
1521 3124 1547 3150 B
1568 3121 1644 3151 867.
1780 3118 1895 3156 lPag.
1917 3119 1973 3147 26-
