2234 3443
142 234 165 278 ἓ
197 233 265 281 96,
300 232 370 277 97]
836 240 890 268 DE
922 240 1259 271 Paonommfflus.
1870 235 1953 273 211

257 355 404 394 Multis
444 356 592 393 autem
632 355 675 393 in
718 355 931 404 versibus,
976 355 1049 393 ubi
1092 365 1330 403 pronomen
1378 354 1413 405 ὅ,
1454 356 1494 405 ἦ,
1529 356 1572 396 τό
1605 357 1777 396 articuli
1809 360 1957 406 partes

136 423 254 462 obire
293 422 528 461 lectoribus
570 422 791 460 hodiernis
832 422 971 460 videri
1012 424 1170 471 potest,
1213 422 1404 471 priscam
1437 425 1528 463 vim
1570 434 1723 463 revera
1762 426 1959 463 servavit

138 491 378 538 integram
425 498 493 528 ex.
537 499 599 536 gr.
640 487 807 539 Νέστωρ
849 486 869 526 ὁ
909 487 1035 540 γέρων
1076 489 1268 528 Homero
1311 499 1397 528 non
1441 493 1533 530 erat
1576 491 1617 529 id
1659 492 1770 538 quod
1813 491 1959 530 Nestor

139 568 273 607 senex,
307 556 405 596 sed:
437 566 560 595 senex
590 556 655 594 ille
685 555 845 595 Nestor.

259 624 340 663 Hic
369 622 459 662 illic
489 625 638 662 tamen
671 624 842 672 epicum
877 621 910 671 ὅ,
939 622 980 672 ἦ,
1008 622 1050 661 τό
1082 623 1135 662 ab
1169 624 1351 663 articulo
1385 625 1531 664 Attico
1563 635 1716 664 revera
1744 626 1816 664 vix
1844 627 1958 673 quic·

140 703 270 741 quam
297 692 528 740 discrepat,
555 691 803 739 imperitiae
830 693 978 729 autem
1006 690 1138 730 fuerit
1165 701 1319 730 omnes
1343 692 1557 731 eiusmodi
1575 703 1729 732 versus
1747 694 1960 741 corrigere

143 759 253 799 velle
285 758 355 797 vel
387 761 490 798 nota
521 758 728 797 infamiae
760 759 950 806 signare.

258 925 443 964 Dativus
488 926 600 973 sing.
648 926 789 963 neutr.
838 930 905 962 τῶι
953 925 1196 964 multorum
1244 927 1574 965 enuntiatorum
1621 927 1746 965 initio
1790 927 1831 966 id
1872 928 1960 967 fere

143 993 262 1032 valet
292 992 404 1040 quod
437 991 502 1030 διὰ
532 997 648 1030 τοῦτο
680 991 749 1030 vel
781 985 869 1040 οὖν,
893 995 1127 1042 propterea,
1158 993 1308 1041 itaque.
1342 993 1419 1032 Ex.
1452 1004 1540 1041 gr.:

495 1064 564 1097 τῶι
594 1059 647 1109 μή
679 1073 745 1106 μοι
777 1057 952 1109 πατέρασ
982 1055 1077 1097 ποθ’
1113 1056 1248 1108 ὅμοι’κι
1281 1059 1399 1098 ἔνθεο
1433 1065 1542 1110 τιμΐιι
1561 1069 1591 1097 a.

496 1132 565 1164 τῶι
597 1122 632 1164 σ’
668 1123 737 1164 ὀΐω
769 1125 908 1163 κείνκσ
940 1126 1030 1164 τάδε
1060 1123 1270 1177 πασχέμεν’
1306 1125 1497 1165 ἐνεσίκισι
1511 1125 1539 1166 ὖ.

261 1194 396 1242 Saepe
439 1204 606 1242 quoque
649 1196 910 1241 usurpatum
953 1195 1021 1232 est
1062 1199 1131 1231 τῶι
1170 1204 1270 1233 cum
1302 1195 1577 1234 indicabatur
1610 1195 1711 1242 quid
1743 1197 1962 1245 expectari

143 1263 291 1310 posset
317 1261 386 1300 vel
412 1262 640 1310 potuisset,
668 1261 705 1299 si
732 1262 851 1299 certa
874 1261 1088 1308 quaedam
1116 1271 1186 1300 res
1214 1262 1412 1301 eveniret
1428 1262 1498 1301 vel
1516 1263 1759 1310 evenisset;
1788 1273 1856 1303 ex.
1876 1274 1962 1312 gr.:

498 1334 567 1365 τῶι
598 1341 640 1365 κε
670 1323 747 1377 τάχ’
782 1324 944 1376 ἠμύσειε
976 1327 1092 1365 πόλισ
1125 1328 1325 1377 Πριάμοιο
1357 1328 1563 1381 foivocmoo
1577 1334 1603 1366 ⁶.

500 1401 568 1432 τῶι
600 1392 643 1432 κέ
673 1409 743 1447 foc
775 1391 871 1432 οὐὸὲ
902 1394 1074 1433 θανόντι
1105 1397 1228 1445 χυτὴν
1259 1393 1324 1432 ἐπὶ
1355 1398 1473 1446 γαῖαν
1505 1393 1689 1446 ἕχευαναῖ.

265 1461 518 1502 Cuiusmodi
558 1462 666 1501 locis
707 1462 895 1500 fortasse
927 1462 1208 1501 scribendum
1246 1464 1314 1502 est
1344 1469 1411 1512 τῶ,
1440 1464 1747 1512 grammaticis
1778 1451 1970 1504 vetustis

146 1529 262 1568 haud
294 1529 446 1568 invitis
466 1535 494 1578 e,
528 1528 724 1568 adverbii
755 1534 832 1566 τῶσ
864 1529 1006 1568 forma
1038 1529 1188 1578 altera,
1221 1530 1440 1569 adverbiis
1472 1529 1574 1568 οὕτω
1608 1532 1651 1570 et
1683 1525 1760 1570 ὦδε
1791 1533 1968 1573 similis.

264 1595 494 1635 Nonnullis
535 1597 578 1635 in
620 1596 820 1635 versibus
862 1598 1014 1636 eadem
1058 1598 1125 1635 vis
1166 1597 1339 1636 videtur
1379 1608 1476 1636 esse
1514 1598 1696 1638 voculae
1727 1598 1784 1649 τό,
1814 1600 1889 1638 sed
1921 1601 1965 1638 hi

148 1665 309 1714 partim
341 1663 584 1712 corrigendi
615 1665 719 1702 sunt
731 1661 760 1712 f,
794 1664 953 1712 partim
987 1664 1113 1703 aliter
1145 1666 1505 1713 interpretandiy.

265 1839 292 1891 ἓ
325 1837 398 1880 97.
441 1839 692 1878 Pronomini
735 1838 755 1877 ὅ
796 1841 837 1878 in
872 1840 1021 1888 lingua
1052 1841 1187 1889 epica,
1221 1842 1268 1879 ut
1306 1843 1471 1890 postea,
1506 1851 1636 1889 saepe
1668 1842 1866 1881 additum
1899 1844 1967 1881 est

146 1906 355 1946 suffixum
385 1905 448 1943 -δε
480 1906 575 1945 sive
607 1917 690 1945 ecce
705 1903 736 1945 ἢ.
780 1907 932 1945 Paullo
965 1908 1114 1945 minus
1146 1908 1235 1946 late
1267 1909 1311 1946 in
1343 1918 1395 1947 ea
1426 1908 1639 1957 patebant
1674 1907 1786 1948 fines
1815 1919 1965 1959 prono·

146 1974 280 2013 minis
320 1967 476 2012 οὗτοσί.
519 1973 661 2012 Huius
702 1975 982 2013 accusativus
1023 1977 1165 2014 neutr.
1206 1975 1315 2024 plur.
1353 1980 1477 2013 ταῦτα
1519 1976 1659 2016 multo
1695 1976 1967 2025 frequentius

147 2051 278 2089 quam
311 2042 481 2080 ceterae
511 2041 678 2080 formae
711 2043 778 2080 est
809 2044 1060 2090 usurpatus.

263 2108 407 2147 Etiam
440 2107 645 2147 adverbia
676 2102 783 2146 ὦδε]
814 2110 858 2146 et
890 2108 1048 2149 οὕτωίσ)
1078 2110 1245 2158 passim
1277 2109 1496 2158 leguntur.

265 2275 539 2315 Pronominis
557 2274 624 2314 ὅδε
641 2276 816 2315 dativus
832 2277 1005 2316 numeri
1020 2276 1202 2326 pluralis
1219 2277 1264 2317 in
1280 2279 1407 2317 textu
1423 2280 1597 2328 recepto
1614 2279 1683 2317 est
1698 2278 1923 2324 τοῖσδε(σ)σι
1936 2277 1968 2319 k.

151 2341 289 2390 Quam
331 2342 520 2382 formam
566 2343 877 2392 metaplastam
925 2347 968 2383 et
1007 2344 1232 2384 insolitam
1274 2346 1318 2383 in
1359 2346 1626 2384 carminibus
1656 2346 1790 2395 epicis
1819 2347 1970 2386 Alcaei

150 2411 295 2448 aetate
326 2410 492 2449 vixisse
524 2410 712 2450 fortasse
743 2413 936 2451 testatur
967 2412 1190 2460 genitivus
1222 2412 1420 2462 τῶνὸεων,
1455 2422 1584 2460 quem
1615 2412 1805 2452 Alcaeus
1834 2414 1972 2453 fertur

150 2476 413 2516 confinxisse
453 2477 694 2517 Homerum
734 2479 936 2517 imitatus
947 2490 958 2527 ;
990 2479 1065 2517 sed
1098 2479 1192 2517 eius
1226 2479 1358 2518 verba
1388 2489 1475 2518 non
1506 2480 1616 2519 satis
1646 2482 1750 2520 sunt
1780 2482 1967 2531 cognita,

237 2666 258 2686 a
282 2660 309 2686 A
332 2658 406 2687 410.
427 2655 601 2688 Posterior
620 2667 700 2696 pars
719 2667 841 2689 versus
857 2668 924 2689 non
942 2662 994 2689 est
1013 2660 1160 2697 integra,
1180 2668 1258 2697 pag.
1273 2659 1316 2689 84
1326 2669 1365 2689 m.
1502 2659 1518 2689 b
1542 2662 1570 2689 E
1591 2660 1666 2690 894.
1801 2669 1817 2689 c
1840 2663 1868 2689 B
1894 2660 1969 2690 373.

283 2709 307 2739 d
327 2721 345 2746 γ
370 2711 445 2739 258.
673 2720 690 2741 e
712 2712 827 2742 Schol.
851 2715 880 2742 B
903 2713 980 2747 373,
1002 2712 1056 2742 Et.
1079 2712 1123 2742 M.
1149 2712 1225 2749 773,
1252 2713 1306 2749 20,
1329 2712 1378 2742 La
1402 2713 1518 2742 Roche
1543 2712 1668 2743 Gesch.
1694 2712 1727 2742 d.
1751 2713 1842 2742 hom.
1867 2713 1970 2742 Text-

151 2761 256 2792 kritik
280 2763 356 2792 368.
486 2759 515 2802 f
537 2765 566 2792 T
584 2763 648 2793 213
674 2765 708 2793 τό
731 2776 784 2798 μοι
809 2764 844 2793 οὔ
868 2775 905 2798 τι,
929 2766 1023 2793 recte
1048 2764 1069 2794 l.
1085 2773 1115 2794 a.
1138 2769 1190 2794 τῶι
1214 2763 1308 2802 μ’(οι)
1331 2764 1368 2794 οὔ
1390 2776 1428 2799 τι,
1454 2773 1532 2803 pag.
1560 2766 1620 2800 863
1641 2769 1666 2794 θ
1687 2766 1750 2794 382
1772 2764 1968 2803 τέχνηισι’τὸ

152 2815 212 2848 καὶ,
242 2815 309 2853 leg.
333 2815 447 2853 τέχνην
478 2821 531 2844 τῶι
562 2816 622 2850 καὶ,
651 2824 720 2853 quo
745 2816 875 2847 ducunt
899 2817 1052 2852 codicee;
1081 2819 1115 2846 Ψ
1135 2817 1197 2847 547
1224 2819 1259 2847 τό
1284 2829 1334 2848 κεν
1357 2817 1412 2847 vel
1435 2823 1488 2846 τῶι
1513 2829 1573 2852 κεν,
1596 2817 1663 2854 leg.
1686 2822 1740 2846 τῶι
1765 2815 1852 2857 κ’(ε).
1875 2817 1969 2853 Quae

151 2867 237 2896 vitia
259 2865 397 2906 peperit
419 2865 535 2905 prisca
556 2866 756 2898 litteratura
779 2870 868 2899 inter
892 2871 926 2899 τό
952 2871 986 2899 et
1007 2875 1049 2899 τῶ
1072 2869 1258 2900 discrimen
1281 2878 1349 2900 non
1374 2870 1517 2900 faciens.
1751 2879 1773 2908 y
1797 2867 1971 2900 Liberiori

151 2920 337 2950 verborum
361 2922 556 2950 structurae
581 2920 729 2951 debetur
751 2924 785 2951 τό
809 2934 843 2959 γε
864 2923 901 2954 Ξ
921 2923 985 2952 342
1010 2934 1027 2962 ρ
1054 2922 1133 2959 401,
1157 2923 1190 2952 τὸ
1213 2923 1270 2961 μέν
1293 2926 1309 2952 λ
1333 2924 1416 2958 363;
1444 2922 1639 2952 subiectum
1665 2924 1718 2951 est
1741 2924 1776 2951 τό
1799 2925 1834 2951 Η
1855 2923 1919 2953 239
1932 2923 1971 2960 (Ρ)

154 2974 196 3002 M
218 2973 249 3009 9,
283 2973 457 3003 obiectum
491 2975 523 3002 Γ
545 2973 608 3003 176
644 2976 673 3003 Ρ
693 2974 771 3010 404,
805 2975 943 3004 articuli
978 2974 1138 3013 partibus
1172 2975 1328 3013 fungitur
1352 2975 1433 3004 Hes.
1457 2975 1560 3013 Oper.
1584 2974 1649 3004 314
1672 2973 1791 3014 (lectio
1813 2975 1971 3014 incerta).

285 3024 304 3055 Ιι
327 3023 522 3055 particulae
557 3025 593 3063 δή
627 3025 774 3056 debilior
806 3026 891 3056 haec
925 3029 978 3056 est
1013 3027 1135 3066 forma,
1170 3036 1250 3057 oum
1286 3028 1393 3057 altero
1417 3027 1475 3062 -δε,
1498 3027 1590 3065 quod
1612 3035 1721 3057 versus
1742 3027 1970 3066 significabat,

156 3075 174 3113 5
197 3077 252 3113 49,
272 3077 366 3108 haud
389 3077 643 3108 confundenda.
670 3079 736 3109 Pro
760 3078 864 3108 τοῖσδε
888 3079 904 3108 δ
930 3080 971 3109 93
996 3091 1013 3117 η
1037 3080 1078 3109 23
1103 3078 1118 3113 ξ
1142 3080 1207 3109 443
1234 3080 1302 3117 leg.
1325 3085 1415 3109 τοῖσι.
1620 3078 1633 3109 i
1656 3077 1912 3118 Praepositioni
1933 3079 1970 3110 in

154 3126 290 3164 hymnis
312 3130 450 3160 demum
476 3130 651 3160 invenitur
674 3131 892 3161 adiunctum:
917 3131 951 3161 h.
976 3132 1039 3170 Ap.
1070 3133 1145 3162 343.
1316 3131 1337 3171 j
1359 3131 1410 3161 Ab
1435 3132 1533 3169 opica.
1556 3131 1706 3162 dictione
1730 3132 1879 3162 alienum
1905 3132 1971 3163 fuit

156 3179 398 3219 homonymum
421 3180 646 3224 ὧδετ-δεῦρο,
669 3192 746 3222 pag.
772 3184 834 3214 157
848 3183 882 3214 b.
1016 3183 1037 3214 k·
1060 3187 1090 3214 Κ
1113 3185 1178 3214 462
1202 3189 1222 3224 ῥ’
1246 3184 1301 3221 47,
1327 3185 1388 3215 165
1414 3196 1432 3214 κ
1456 3184 1520 3214 268
1545 3196 1561 3213 ν
1584 3185 1648 3214 258
1670 3196 1693 3224 φ
1717 3186 1771 3215 93.
