2234 3443
98 237 123 282 ξ
157 233 256 278 107]
390 242 445 270 ΒΕ
476 239 691 274 nnnxroNn
723 238 956 268 VERBORUM
987 235 1336 267 OBSERVATIONES
1368 234 1634 264 GENERALES.
1831 223 1917 261 221

462 432 528 471 ΙΙ.
558 432 629 470 De
658 430 939 470 verborum
969 427 1284 476 temporibus
1314 430 1363 465 et
1393 425 1573 465 modis.

223 552 251 607 ἓ
283 553 388 597 107.
434 556 483 593 In
530 554 680 602 lingua
720 553 842 603 epica
882 552 1033 591 aoristo
1073 544 1289 590 indicativi
1328 558 1457 596 saepe
1489 547 1654 586 tributa
1686 549 1753 585 est
1780 546 1847 584 vis
1878 555 1929 584 ea

104 633 215 672 quae
245 622 440 672 ynomica
470 621 553 660 dici
586 623 655 660 est
685 620 838 667 solita;
873 629 941 658 ex.
974 629 1061 667 gr.:

430 687 475 727 ὅσ
505 702 548 726 κε
578 683 707 725 θεοΐσ’
743 685 1012 735 ἐπιπείθηται,
1042 684 1146 733 μάλα
1178 680 1209 720 τ’
1246 679 1411 722 ἔκλυον
1448 680 1574 720 αὐτοῦ
1588 689 1617 717 ⁶².

429 755 455 794 ἷί
486 751 519 794 τ’
556 752 669 806 ὀλίγη
701 751 773 803 μὲν
804 759 940 804 πρῶτα
975 752 1223 802 κορύσσεται,
1253 748 1377 797 αὐτὰρ
1409 747 1540 787 ἔπειτα

430 822 608 873 οὐρανῶι
639 818 848 876 ἐστήριξε
880 820 984 869 κάρη
1016 818 1082 857 καὶ
1115 816 1180 857 ἐπὶ
1211 816 1330 868 χθονὶ
1361 817 1490 867 βαίνει
1503 813 1529 853 b.

224 891 478 931 Cuiusmodi
507 891 616 930 locis
647 890 851 937 aoristus,
885 888 997 936 quod
1025 888 1184 926 attinet
1209 886 1262 924 ad
1288 887 1537 933 temporum
1566 882 1932 929 consecutionem,

105 960 348 1009 praesentis
383 960 522 997 instar
554 957 817 1003 habebatur;
852 956 919 994 cui
951 954 1137 1003 tempori
1164 955 1208 992 et
1230 953 1387 992 sociari
1404 953 1589 1000 poterat,
1607 951 1654 989 ut
1670 950 1714 988 in
1732 947 1934 996 exemplo

105 1027 358 1076 posteriore.
408 1026 457 1065 In
499 1024 797 1064 subordinatis
837 1023 971 1071 igitur
1012 1021 1251 1061 enuntiatis
1287 1019 1578 1068 usurpabatur
1609 1015 1929 1064 subiunctivus‚

107 1096 156 1133 ut
186 1095 230 1133 in
266 1094 467 1143 exemplo
499 1093 653 1143 priore,
687 1092 794 1130 item
826 1091 871 1130 in
904 1091 994 1128 his:

461 1162 532 1198 τὴν
565 1157 635 1207 μέν
662 1155 705 1196 θ’
743 1155 1029 1208 ἁρματοπηγὸσ
1060 1153 1162 1205 ἀνὴρ
1195 1153 1346 1192 αἴθωνι
1378 1153 1543 1200 σιὸάρωι

462 1224 659 1279 ἐξέταμ’,
693 1223 799 1274 ὄφρα
830 1226 952 1277 ,ρίτυν
983 1221 1168 1277 κάμψηι
1200 1219 1425 1271 περικαλλέϊ
1453 1220 1635 1269 δίφρωιθ.

465 1294 497 1332 εἰ
528 1295 602 1344 γάρ
635 1309 692 1331 τοι
725 1291 791 1330 καὶ
823 1288 934 1342 χρῆμ’
970 1290 1164 1341 ἐγκώμιον
1198 1289 1291 1327 ἄλλο
1324 1285 1526 1342 γένηται,

463 1362 637 1412 γείτονεσ
670 1360 833 1406 ἄζωστοι
866 1356 1008 1410 ἔκιον,
1038 1356 1257 1406 ’ζώσαντο
1291 1354 1333 1393 d}
1367 1356 1466 1405 πηοί
1483 1352 1516 1392 d.

1880 1453 1883 1470 k

229 1497 358 1536 Verbi
403 1496 631 1535 auxiliaris
679 1491 866 1548 μέλλειν
915 1495 957 1532 in
999 1493 1186 1532 dictione
1229 1492 1349 1540 epica
1389 1500 1474 1529 non
1511 1489 1627 1527 idem
1660 1488 1743 1526 fuit
1773 1496 1936 1526 munus

111 1568 242 1613 atque
274 1565 385 1614 apud
416 1567 656 1613 posterose.
690 1563 870 1611 Propria
902 1562 941 1600 ei
973 1562 1055 1600 fuit
1086 1560 1206 1598 notio
1239 1559 1376 1608 eundi,
1405 1557 1625 1607 procrevit
1656 1556 1772 1594 enim
1806 1565 1861 1593 ex
1888 1564 1938 1592 ea

110 1633 260 1681 stirpe,
297 1641 408 1680 quae
439 1633 481 1671 et
513 1632 726 1670 aoristum
759 1633 893 1679 μολεῖν
925 1629 1091 1678 peperit
1104 1627 1126 1663 f
1134 1641 1141 1674 ;
1177 1627 1363 1666 conferri
1394 1627 1542 1665 autem
1574 1625 1720 1673 potest
1750 1622 1939 1661 Herodo-

110 1702 233 1740 teum
273 1698 434 1750 ἔρχομαι
474 1697 595 1748 ἐρέων
636 1699 824 1738 dicturus
859 1708 968 1746 sum,
1012 1698 1055 1735 et
1092 1695 1252 1734 similis
1284 1697 1351 1733 est
1382 1694 1603 1732 structura
1634 1690 1790 1729 Latina
1820 1699 1937 1728 ama-

111 1770 203 1806 tum
257 1767 314 1805 iri
369 1776 447 1806 nec
502 1777 588 1806 non
637 1766 768 1805 verba
809 1765 1019 1804 hodierna
1059 1763 1101 1802 ik
1138 1773 1194 1811 ya
1234 1763 1408 1801 doen:
1422 1761 1618 1810 facturus
1655 1768 1765 1806 sum,
1811 1757 1841 1795 il
1885 1767 1936 1795 va

113 1835 229 1874 venir
245 1850 300 1866 =
317 1837 515 1873 venturus
546 1837 613 1883 est,
642 1835 671 1872 it
695 1835 731 1873 is
756 1834 882 1882 qoiny
908 1835 946 1871 to
971 1832 1132 1880 hoppen
1151 1830 1414 1879 :futurum
1431 1831 1498 1876 est,
1518 1838 1562 1866 er
1576 1825 1861 1876 ychischiafen
1879 1839 1933 1854 =

112 1902 354 1941 dormitam.
396 1901 540 1940 Etiam
583 1901 715 1940 verba
755 1900 1028 1940 desiderativa
1066 1899 1110 1937 in
1150 1897 1289 1936 -σείειν
1330 1898 1433 1935 sunt
1473 1889 1778 1941 conferendah‚
1811 1891 1938 1930 eundi

113 1969 230 2008 enim
259 1969 393 2017 stirps
425 1966 464 2007 ii
493 1969 563 2008 his
593 1969 722 2007 inest.

233 2036 446 2075 Praesens
486 2039 530 2075 et
571 2037 877 2085 imperfectum
919 2034 1013 2073 sola
1054 2033 1228 2082 cognita
1266 2032 1418 2071 habuit
1449 2031 1682 2078 Homerus,
1715 2026 1939 2067 cunctandi

114 2106 264 2143 autem
311 2105 400 2144 vim
448 2104 516 2142 his
562 2113 648 2143 non
689 2100 879 2143 tribuitj.
921 2101 1134 2140 Praesenti
1171 2100 1395 2139 indicabat
1424 2098 1531 2137 veris
1559 2096 1717 2136 similia
1730 2093 1762 2142 k,
1795 2094 1940 2133 addito

115 2170 331 2211 infinitivo
356 2172 588 2221 praesentis
618 2181 716 2210 cum
750 2170 1033 2219 spectabatur
1062 2170 1238 2216 tempus
1268 2166 1501 2215 loquentiS,
1534 2174 1602 2204 ΘΧ.
1634 2174 1719 2211 gr.:

439 2237 472 2276 εἰ
504 2234 539 2276 δ’
576 2237 678 2277 οὕτω
709 2233 819 2276 τοῦτ’
853 2236 972 2286 ἐστίν,
1000 2235 1086 2286 ἐμοὶ
1119 2231 1283 2289 μέλλει
1314 2233 1432 2282 φίλον
1466 2225 1582 2272 εἶναι

115 2307 153 2346 si
182 2307 241 2346 ita
271 2306 396 2345 evenit
425 2316 502 2355 res,
535 2317 624 2346 meo
653 2306 800 2355 opinor
831 2305 1006 2344 mimine
1037 2304 1162 2342 evenit
1176 2297 1198 2352 l,
1233 2302 1451 2341 infinitivo
1485 2300 1629 2340 aoristi
1660 2300 1807 2337 autem
1841 2306 1939 2335 cum

118 2373 170 2413 de
201 2373 329 2413 rebus
359 2374 547 2422 peractis
578 2372 710 2412 fiebat
740 2383 899 2422 sermo,
934 2382 1003 2411 ex,
1037 2382 1123 2419 gr.:

442 2438 580 2479 ἄλλοτε
612 2441 661 2490 δή
693 2455 786 2479 ποτε
818 2443 968 2489 μᾶλλον
1000 2435 1205 2492 ἐρωῆσαι
1236 2435 1425 2486 πολέμοιο
1455 2434 1462 2482 Ι
1490 2431 1649 2488 μέλλω

209 2616 229 2635 α
262 2608 298 2636 Α
329 2607 405 2636 218.
539 2606 555 2636 ὂ
591 2609 618 2636 A
650 2607 714 2636 442
747 2614 798 2643 sq.
888 2614 904 2634 c
938 2606 966 2633 A
999 2604 1063 2633 485
1088 2612 1139 2640 sq.
1274 2601 1298 2632 d
1328 2602 1410 2631 Hes.
1434 2601 1535 2640 Oper.
1559 2601 1623 2630 344
1648 2607 1716 2637 sq.;
1740 2599 1823 2627 item
1851 2595 1942 2634 apud

119 2659 344 2699 recentiores,
366 2668 418 2689 ex.
441 2668 491 2697 gr.
515 2659 618 2689 Arist.
642 2659 705 2696 Eq.
727 2659 790 2688 263
804 2658 888 2688 Rau.
904 2658 989 2687 1068
1003 2656 1092 2686 Plat.
1105 2654 1189 2694 Rep.
1203 2655 1267 2684 406
1281 2653 1312 2684 d.
1447 2663 1464 2684 e
1486 2654 1652 2683 Mnemon.
1668 2652 1764 2685 1889,
1778 2650 1842 2679 210
1854 2656 1944 2686 sqq„

122 2709 264 2740 Lobook
286 2709 329 2739 ad
352 2710 535 2748 Phrynioh.
560 2711 624 2741 ‘145
647 2719 734 2748 sqq„
755 2711 804 2740 La
828 2710 945 2740 Roohe
968 2709 1068 2738 Hom.
1086 2708 1222 2738 Unters.
1242 2707 1277 2737 ΙΙ
1298 2706 1451 2742 1893,57
1465 2715 1540 2743 sqq.
1621 2704 1651 2744 f
1670 2704 1942 2741 μελ-μολ-μλω

120 2762 141 2801 ἓ
177 2760 267 2793 285⁴.
399 2772 420 2801 q
454 2763 568 2793 Etiam
601 2772 712 2801 genus
744 2763 923 2801 passivum
954 2761 1060 2791 verbo
1083 2759 1230 2790 veniendi
1251 2760 1286 2789 in
1309 2759 1458 2789 dialecto
1477 2758 1642 2788 Rhaetica
1664 2756 1853 2785 indicatum
1876 2752 1944 2782 huc

123 2814 224 2846 facit:
255 2814 400 2846 ichume
428 2815 626 2856 y'sclzlaqna,
660 2814 712 2846 ich
744 2815 865 2846 komme
894 2815 951 2852 (=
964 2813 1078 2851 werde)
1109 2811 1309 2852 yesclzlayen,
1344 2822 1376 2842 es
1405 2811 1512 2842 ckumt
1543 2809 1633 2840 chal!
1663 2809 1708 2846 (es
1731 2805 1814 2837 wird
1841 2803 1942 2840 kalt).

255 2866 276 2897 Ιι
297 2867 316 2906 ἓ
343 2870 417 2898 144.
555 2867 568 2898 i
591 2867 607 2907 ξ
633 2869 709 2898 308.
835 2867 857 2906 j
880 2865 947 2903 Qui
961 2865 1112 2905 facturus
1133 2869 1192 2901 est,
1215 2866 1245 2895 is
1264 2863 1401 2895 nondum
1420 2863 1528 2904 fecit.-
1552 2863 1590 2892 σὺ
1613 2861 1667 2899 τὴν
1686 2863 1790 2900 θύραν
1812 2860 1943 2888 &uonna

123 2921 236 2951 οὕτωσι
269 2921 408 2960 σφόδρα,·
438 2937 482 2943 --
510 2921 555 2958 μὰ
587 2921 641 2950 Δί’
680 2920 742 2950 ἀλλ’
772 2921 906 2956 ἔμελλον,
929 2920 986 2949 Ar.
1009 2919 1100 2948 Plut.
1126 2919 1211 2948 1101
1233 2925 1300 2956 sq.;
1326 2926 1414 2954 quae
1438 2916 1533 2945 notio
1557 2914 1718 2951 negativa
1741 2919 1825 2941 aevo
1848 2912 1942 2949 post-

123 2973 301 3004 homerico
336 2974 451 3004 effecit
484 2975 523 3003 ut
555 2973 660 3003 verbo
691 2973 811 3010 μέλλειν
837 2971 1051 3002 tribueretur
1076 2971 1128 3001 vis
1148 2969 1322 3001 mactandi
1345 2972 1379 2999 et
1400 2970 1613 2998 Μελλονικίασ
1636 2964 1783 2995 ridiculo
1806 2963 1944 2994 nomine

123 3028 305 3056 vocaretur
327 3026 396 3056 dux
418 3026 489 3063 ille,
513 3024 613 3056 ouius
639 3034 721 3055 cura
745 3025 933 3063 praecipua
958 3026 1051 3054 esset
1075 3025 1162 3053 δπωσ
1182 3025 1217 3052 οὐ
1239 3027 1397 3061 μαχεῖται.
1422 3021 1519 3050 Tunc
1542 3021 1576 3049 et
1599 3020 1703 3048 natus
1724 3019 1776 3047 est
1796 3017 1943 3046 aoristus

124 3079 273 3117 Ξμέλλησα
295 3080 463 3109 cunctatus
484 3088 563 3109 sum.
699 3078 720 3108 k:
741 3078 854 3108 Verbo
878 3078 956 3107 ἔοικε
979 3079 1073 3106 recte
1096 3076 1264 3106 reddebat
1286 3073 1520 3104 Aristarchus,
1534 3072 1575 3101 In
1588 3073 1704 3101 nostra
1716 3070 1836 3108 lingua
1848 3068 1944 3099 verbi

125 3129 232 3160 zallen
265 3131 384 3161 eadem
419 3134 472 3161 est
506 3133 672 3170 potestas.
808 3130 822 3159 l
850 3131 885 3160 A
918 3119 994 3165 564,
1024 3128 1089 3159 dan
1118 3128 1174 3158 zal
1194 3127 1248 3157 het
1271 3125 1331 3156 wei
1351 3125 1429 3164 mijn
1450 3124 1509 3155 wil
1531 3123 1610 3163 zijn.
1636 3121 1749 3154 Ceteri
1772 3122 1840 3152 loci
1864 3122 1946 3151 sunt

130 3186 158 3213 Β
185 3183 247 3213 116
275 3185 305 3213 Κ
327 3185 391 3214 326
418 3186 447 3214 Λ
473 3185 537 3215 364
563 3188 596 3214 Ν
615 3185 680 3214 226
704 3185 739 3215 Ξ
762 3184 818 3220 69,
839 3183 901 3213 125
930 3187 960 3211 Υ
980 3183 1042 3211 451
1070 3182 1087 3211 δ
1112 3183 1166 3216 94,
1191 3181 1256 3210 200
1282 3191 1300 3209 a
1326 3180 1378 3209 19.
