2234 3443
282 188 369 228 264
733 203 788 231 m:
819 203 1057 234 AUGMENTO
1090 206 1140 234 ET
1173 206 1227 234 DE
1259 205 1646 239 REDUPLIGATIONE.
1942 204 1980 250 [ς
2016 205 2100 244 130

281 311 328 348 τὰ
375 311 727 366 ἐμπροσθόκεντρα
773 323 851 355 τῶν
897 317 1073 368 ἐντόμων
1114 324 1199 358 τοῖσ
1238 319 1569 375 ὀπισθοκέντροισ
1608 326 1702 365 Sive
1741 326 1904 365 culices
1944 327 2097 375 apibus

281 380 514 428 vespisque
559 386 853 432 opponentem
901 387 1234 428 aemulabantur
1278 390 1350 438 qui
1395 391 1459 431 sic
1504 393 1790 432 statuebant?
1835 393 1981 432 Poetis
2027 395 2094 443 iiS‚

278 446 436 493 quibus
477 446 717 499 ἕγίγνωισκε,
755 449 951 503 ἐδίδασκε,
989 453 1136 502 ἔφασκε
1178 459 1304 496 erant
1345 459 1476 498 verba
1517 460 1838 509 vulgatissima,
1881 460 2095 499 vitiumne

277 515 474 553 sonuerit
516 520 802 564 augmentum
835 521 957 559 verbi
994 520 1179 572 ἐβίβασκε
1209 528 1438 573 propterea
1469 528 1580 574 quod
1613 527 1743 565 huius
1773 527 1893 565 verbi
1924 527 2096 574 syllaba

274 577 423 619 finalis
469 583 669 633 iteratim,
717 585 893 625 illorum
939 588 1247 631 inchoativa..
1279 593 1469 632 ..dicta
1513 594 1572 632 sit
1611 594 1844 642 postmodo
1885 603 1911 631 a
1952 603 2093 641 gram-

276 648 472 687 maticis!
522 650 651 689 Verbi
702 651 784 700 εἰμί
831 653 1020 693 formam
1073 656 1325 697 iterativam
1372 653 1467 709 ἧσκε
1512 662 1687 699 veteres
1732 660 1935 708 legebant
1979 660 2093 708 apud

274 713 534 755 Alcmanem
548 725 580 766 a,
623 719 863 759 Homerum
897 731 999 760 vero
1041 722 1141 772 ἔσκε,
1170 734 1257 763 non
1289 720 1384 774 ἦσκε
1415 727 1579 765 dixisse
1611 728 1724 765 unde
1755 725 1868 765 effici
1899 736 2090 773 unquam

273 783 447 828 potuit?
478 784 589 823 Nam
623 787 1028 828 vetustissimorum
1061 792 1379 840 exemplarium
1408 793 1580 832 litterae
1603 805 1690 832 εσκε
1716 793 1936 832 utrumvis
1962 794 2092 841 signi-

271 845 475 889 ficabant.
517 852 566 890 In
599 854 863 893 contrariam
897 858 1047 895 autem
1078 861 1248 906 partem
1287 860 1614 908 disputantibus
1643 861 1753 899 nihil
1783 862 1967 909 prosunt
1995 870 2091 908 poe-

270 915 418 954 tarum
459 919 732 959 scenicorum
776 932 931 961 versus
972 934 1088 963 unus
1127 928 1172 964 et
1212 926 1334 976 alter,
1372 927 1446 966 ubi
1477 930 1633 966 extant
1663 928 1830 967 formae
1861 928 2091 966 iterativae

271 986 509 1030 augmento
542 988 754 1027 carentes.
785 989 896 1028 Nam
929 991 1140 1041 Aeschyli
1171 994 1242 1032 hic
1273 1004 1450 1034 versus:

624 1055 832 1094 κλαίεσκον
864 1056 966 1094 ἔνθα
997 1059 1198 1106 νυκτέρων
1230 1059 1554 1109 φαντασμάτωνό

269 1125 292 1154 e
324 1119 463 1157 nuntii
491 1121 740 1161 narratione
772 1123 1002 1164 desumtus
1033 1129 1113 1176 est,
1149 1128 1393 1167 cuiusmodi
1424 1129 1531 1168 locis
1562 1139 1693 1177 quam
1726 1129 1808 1167 sibi
1835 1129 2085 1167 libertatem

267 1186 420 1231 poetae
451 1188 606 1235 tragici
637 1189 762 1228 initio
794 1201 1002 1230 versuum
1035 1196 1277 1233 sumserint
1303 1197 1432 1235 modo
1459 1197 1627 1235 dictum
1656 1198 1762 1236 estc.
1791 1197 1939 1244 Neque
1963 1196 2085 1244 lyrici

266 1260 418 1290 versus
448 1254 657 1301 praebent
687 1260 995 1305 argumentum
1009 1257 1041 1309 d,
1076 1262 1281 1309 quoniam
1314 1263 1357 1301 in
1385 1262 1621 1302 artificiosa
1650 1264 1805 1302 horum
1838 1263 2083 1302 carminum

265 1317 452 1358 dictione
479 1322 613 1360 etiam
641 1323 829 1363 aliorum
856 1326 1088 1366 verborum
1115 1332 1405 1377 augmentum
1431 1333 1603 1378 poterat
1629 1331 1813 1379 neglegi.
1840 1330 1890 1368 In
1917 1329 2082 1368 Aristo·

262 1385 419 1432 phanis
446 1390 594 1428 autem
620 1389 781 1430 fabulis
807 1394 1118 1441 superstitibus
1144 1396 1254 1435 duae
1280 1397 1447 1436 formae
1464 1398 1694 1436 iterativae
1711 1399 1815 1436 sunt
1830 1398 2079 1445 usurpatae,

261 1460 445 1498 quarum
478 1455 617 1495 altera
650 1457 807 1506 legitur
838 1461 882 1498 in
916 1471 1044 1500 versu
1074 1463 1246 1502 heroico
1279 1464 1512 1504 dictionem
1546 1465 1714 1514 epicam
1746 1464 1975 1504 referenti:

615 1523 652 1562 εἰ
680 1524 754 1575 γὰρ
787 1525 840 1575 μὴ
873 1528 1049 1577 Νύμφαι
1078 1544 1121 1580 γε
1153 1528 1247 1568 θεαὶ
1277 1531 1404 1569 Βάκιν
1435 1530 1708 1578 ἐξαπάτασκον
1723 1539 1751 1580 ⁶,

258 1584 398 1625 altera
427 1593 716 1637 augmentum
748 1593 964 1633 admittit:

613 1656 947 1707 ἠλλαντοπώλουν
978 1663 1048 1701 καί
1075 1679 1110 1702 τι
1138 1663 1205 1702 καὶ
1235 1663 1527 1715 (ε’)βινεσκόμην
1540 1666 1569 1703 f.

375 1721 424 1760 In
472 1723 680 1764 Herodoti
726 1728 909 1776 denique
957 1732 1154 1771 historiis
1201 1737 1488 1781 augmentum
1536 1734 1788 1772 huiusmodi
1832 1733 2074 1771 formarum

255 1789 421 1835 passim
449 1791 625 1838 quidem
652 1794 817 1845 deesw,
847 1799 922 1836 sed
949 1801 1154 1846 quoniam
1182 1801 1371 1849 plurima
1396 1802 1439 1841 in
1463 1803 1594 1840 huius
1611 1803 1754 1850 operis
1770 1802 1897 1839 textu
1914 1801 2076 1839 tradito

255 1854 504 1905 discrepant
536 1869 560 1897 a
592 1871 727 1900 sanae
758 1865 943 1903 rationis
974 1869 1218 1916 praeceptis
1244 1871 1286 1907 et
1313 1879 1338 1907 a
1365 1870 1551 1908 dialecto
1577 1870 1723 1908 Ionica
1751 1878 1805 1907 ex
1830 1868 2072 1915 inscriptio·

252 1922 381 1961 nibus
415 1926 602 1975 cognita,
636 1937 689 1967 ne
721 1929 803 1968 hac
834 1933 1007 1979 quidem
1041 1934 1084 1972 in
1118 1945 1163 1973 re
1194 1936 1414 1975 codicibus
1446 1936 1554 1975 fides
1585 1937 1652 1976 est
1681 1935 1894 1974 habenda.

370 1991 513 2031 Etiam
554 1994 763 2034 ὄιεστίιτκν
805 1997 1025 2048 {placenda
1067 2001 1117 2040 τὼ
1160 1999 1194 2040 δ’
1241 2002 1386 2053 ἐβάτκν
1433 2005 1541 2052 παρὰ
1581 2007 1681 2042 θῖνα
1697 2001 1721 2050 i,
1761 2002 1925 2041 Similia
1967 2003 2071 2039 sunt

250 2058 504 2107 scribenda;
553 2072 655 2101 nam
703 2065 822 2103 duali
866 2077 1049 2107 numero
1099 2073 1387 2117 augmentum
1431 2072 1484 2110 ab
1526 2072 1718 2110 Homero
1759 2070 1932 2118 parcius
1972 2076 2068 2106 esse

249 2124 463 2164 tributum
496 2138 627 2175 quam
661 2132 875 2180 singulari
909 2135 978 2174 vel
1008 2134 1196 2184 pluralis
1229 2148 1314 2177 non
1342 2141 1408 2177 est
1438 2139 1653 2177 credibile.
1688 2138 1971 2176 scribendum
1999 2138 2068 2172 est

247 2189 290 2228 ἐν
332 2190 374 2230 δὲ
415 2192 589 2244 λέβητ’(ι)
630 2196 741 2237 ἔπεσε
772 2202 907 2249 κνήμη
927 2199 959 2247 k.
988 2213 1090 2242 nam
1130 2205 1267 2244 dativi
1300 2207 1498 2245 vocalem
1535 2207 1617 2245 iota
1648 2207 1691 2244 in
1725 2205 1915 2244 dictione
1946 2203 2068 2250 epica

247 2258 475 2300 elisionem
518 2264 752 2305 admisisse
793 2270 983 2308 testatur
1024 2282 1092 2310 ex.
1125 2283 1188 2320 gr.
1225 2284 1376 2312 versus
1419 2275 1608 2313 vicinus:
1649 2269 1871 2324 χείρ’(χειρὶ)
1903 2270 2069 2318 §mlum-

245 2326 457 2375 σάμενοσῐ.
506 2330 583 2378 Qui
631 2343 732 2373 vero
779 2334 912 2386 λέβητι
958 2334 1103 2382 (’)πέσε
1147 2341 1277 2379 scribi
1318 2342 1503 2390 mavult,
1551 2343 1589 2380 is
1637 2342 1769 2380 etiam
1812 2338 1909 2389 χειρὶ
1950 2335 2064 2383 Om-

245 2394 502 2443 μασσάμενοσ
541 2399 734 2450 scribito,
779 2404 929 2443 eodem
975 2406 1090 2445 enim
1135 2407 1363 2456 utrobique
1404 2419 1473 2447 res
1510 2409 1634 2447 redit.
1672 2408 1906 2447 scribenda
1937 2409 2061 2444 sunt:

247 2458 505 2509 Οὔλυμπόνδ’
543 2463 765 2515 ἐβεβήκειω
809 2473 853 2509 et
883 2472 1068 2519 similia;
1097 2483 1199 2512 nam
1226 2475 1625 2524 plusquamperfecti
1656 2477 1942 2522 augmentum
1977 2472 2060 2520 syl-

240 2527 430 2567 labicum
462 2531 563 2570 licet
595 2534 638 2571 in
670 2536 795 2575 textu
827 2540 988 2578 tradito
1010 2541 1177 2588 passim
1206 2543 1320 2580 desit
1345 2546 1444 2590 post
1470 2544 1667 2581 vocalem
1681 2551 1714 2591 ⁷²,
1741 2543 1840 2580 inde
1867 2540 2060 2589 profecto

241 2604 327 2633 non
371 2596 558 2637 efficitur
599 2602 707 2649 ipsis
748 2606 888 2651 poetis
934 2611 1221 2655 augmentum
1263 2612 1362 2658 post
1400 2611 1598 2649 vocalem
1641 2611 1787 2648 minus
1825 2608 1928 2647 utile
1961 2616 2059 2646 esse

241 2661 386 2701 visum
419 2675 549 2712 quam
583 2671 681 2716 post
713 2675 972 2711 consonam!

358 2731 588 2772 Praeterea
629 2741 1063 2781 commemorandum
1106 2746 1172 2782 est
1208 2747 1496 2792 augmentum
1529 2745 1789 2793 syllabicum
1824 2742 2057 2781 verborum

324 2889 343 2907 a
369 2877 440 2916 ἦσκέ
477 2892 527 2911 τισ
559 2885 699 2923 σκάφευσ
729 2886 884 2921 ἀνάσσων,
917 2889 1044 2918 Anecd.
1077 2890 1182 2920 Oxon.
1214 2892 1230 2921 I
1264 2893 1344 2928 1595
1375 2902 1465 2923 nunc
1502 2894 1636 2923 accedit
1669 2893 1785 2923 Alcaei
1821 2892 2051 2928 fragmentum

235 2929 360 2965 Oxyrh.
385 2941 462 2970 pap.
490 2937 522 2963 X
546 2935 598 2964 77.
734 2937 750 2967 b
775 2940 897 2970 Aesch.
925 2942 964 2971 fr.
989 2940 1079 2972 2983.
1224 2955 1241 2975 c
1263 2947 1344 2984 Pag.
1373 2948 1436 2976 263
1450 2945 1476 2975 b.
1610 2946 1633 2976 d
1655 2946 1759 2985 Soph.
1783 2945 1860 2974 Ant.
1887 2945 1963 2979 950,
1986 2943 2050 2972 90¹3

234 2981 275 3010 rr.
302 2984 362 3011 491
392 2983 487 3015 Pind.
509 2987 605 3017 Nem.
629 2988 682 3018 111
707 2991 760 3021 90.
900 3002 916 3022 e
940 2994 995 3023 Ar.
1021 2993 1097 3025 Pac.
1124 2997 1221 3027 1070.
1362 3000 1386 3036 f
1404 3001 1466 3038 Eq.
1495 3001 1592 3030 1242.
1723 3009 1745 3038 μ
1770 2995 2052 3033 εεωνωεὴᾱῡιθτ

232 3033 276 3063 ad
300 3035 462 3066 Herodot.
486 3039 531 3068 IV
558 3040 632 3070 130.
768 3042 788 3072 h
813 3047 846 3073 A
872 3046 900 3074 6.
1036 3046 1048 3076 ι’
1074 3051 1091 3076 Ι
1115 3049 1188 3077 182.
1314 3051 1337 3090 j
1358 3052 1407 3081 La
1431 3053 1546 3082 Roche
1570 3053 1610 3082 11.
1634 3053 1703 3088 XV,
1726 3051 1900 3088 Augment
1926 3051 1940 3078 1
1964 3052 1998 3078 et
2019 3050 2049 3084 8,

232 3085 271 3115 A.
296 3087 388 3116 Platt
412 3090 553 3120 Journal
579 3093 617 3121 of
638 3094 761 3125 Philol.
789 3097 886 3133 1895,
906 3098 970 3127 205
994 3107 1069 3136 sqq.
1298 3103 1318 3132 k
1342 3115 1357 3133 τ
1381 3105 1458 3134 409.
1686 3105 1699 3134 l
1721 3116 1737 3134 τ
1759 3105 1836 3139 480,
1860 3110 1936 3141 pag·
1964 3103 2003 3132 76
2019 3111 2046 3132 θ-

366 3150 392 3168 m
417 3143 451 3170 A
477 3143 538 3173 221
567 3144 610 3173 al.
745 3157 765 3177 n
789 3148 838 3178 La
862 3150 980 3180 Roche
1003 3152 1103 3181 Hom.
1128 3153 1263 3183 Untcrs.
1284 3156 1324 3185 74
1344 3165 1408 3194 sq..
1429 3159 1602 3195 Augment
1622 3159 1676 3195 35,
1695 3166 1801 3196 supra
1820 3164 1897 3194 pag.
1917 3156 1979 3185 263
1994 3166 2024 3185 a.
