2234 3443
237 149 318 186 104
763 156 817 183 DE
849 154 1088 183 VOCALIBUS
1119 155 1170 182 ET
1202 155 1509 185 DIPHTHONGIS.
1811 150 1849 194 [ἓ
1882 148 1950 196 27,
1987 149 2041 187 28

351 271 444 309 Non
476 273 592 309 recte
624 270 806 317 denique
832 269 971 307 critici
1003 268 1250 317 complures
1282 269 1472 308 Homero
1504 271 1750 310 tribuerunt
1783 272 1934 310 aoristi
1967 272 2047 311 for·

234 348 354 376 mam
381 338 641 386 dactylicam
668 335 836 388 {fficiam
863 335 974 373 Nam
1002 345 1136 374 sonus
1161 350 1191 387 J:
1216 336 1406 375 internus
1430 337 1484 375 ad
1502 338 1697 377 vocalem
1723 339 2046 387 producendam

233 415 318 443 non
349 405 460 444 satis
491 405 707 443 valebata.

353 534 379 586 ἓ
410 536 479 579 28.
526 537 719 576 Duarum
767 548 1059 578 consonarum
1106 547 1344 577 concursus
1390 538 1618 586 neglectus
1664 542 1730 578 est
1777 541 1819 578 in
1865 540 2045 579 vocibus

233 603 465 653 nonnullis,
494 615 603 653 quae
621 607 769 645 versui
794 606 967 645 heroico
996 606 1209 653 adstringi
1236 605 1364 644 aliter
1390 615 1475 644 non
1502 608 1717 656 poterant,
1744 608 1844 655 quia
1865 608 2045 646 brevem

234 669 449 717 syllabam
496 672 662 711 duabus
707 673 852 721 longis
906 673 1184 712 interiectam
1240 672 1347 711 illud
1398 664 1604 711 metrum'
1637 684 1721 712 non
1770 675 2044 714 admittebat.

234 737 448 776 Producta
477 739 606 787 igitur
637 749 723 778 non
756 742 824 778 est

357 807 392 843 1)
424 806 588 844 vocalis
629 806 774 845 brevis
824 810 925 846 ante
967 806 1181 846 vocabula
1224 803 1484 855 Ζάκυνθοσό,
1523 806 1700 857 Ζέλειαε,
1731 805 2047 858 Σκάμανδροσά,

234 871 520 927 Σκαμάνρριοσ
534 881 562 922 θ,
593 872 816 923 σκέπαρνον
831 871 861 923 f,
892 872 1095 924 στέᾶτοσθ,
1127 875 1218 913 σκιά
1231 871 1262 911 7².

353 939 391 978 2)
436 940 607 987 syllaba
665 941 847 980 initialis
901 952 1058 981 vocum
1120 939 1337 992 ἀμβρότκί,
1401 940 1661 993 ἀνδροτῆταλ,
1721 940 2045 993 ἀνδροφόντκιῆ,

227 1001 417 1043 Ἱστίαιαν
431 1004 453 1043 ἶ.

353 1074 391 1120 3)
423 1075 594 1122 syllaba
609 1076 799 1115 Secunda
817 1086 974 1116 vocum
993 1075 1207 1127 Αἰγυπτίη,
1228 1087 1309 1126 -ᾶσ,
1325 1072 1438 1127 -κισ’,
1452 1088 1559 1127 -ουσ,
1576 1092 1653 1115 -ων
1666 1086 1708 1127 m,
1725 1076 1995 1121 αἰε(υ)νάοντα
2013 1086 2046 1128 ²2,

229 1136 532 1189 Ἠλεκτρύωνοσ
565 1145 608 1182 et
639 1156 735 1181 -νκσ
747 1148 776 1181 0.

354 1207 646 1249 Conferendae
672 1213 777 1249 sunt
799 1221 930 1250 voces
957 1221 1047 1260 eae,
1074 1212 1118 1249 in
1146 1212 1302 1259 quibus
1329 1213 1479 1250 mutae
1507 1222 1606 1250 cum
1629 1211 1793 1260 liquida
1810 1222 2051 1251 concursus

236 1277 366 1313 metri
395 1286 528 1316 causa
559 1280 627 1317 est
657 1279 927 1327 neglectuSP.

353 1342 555 1384 Ceterum
597 1347 826 1385 nominum
870 1346 1090 1385 Ζάκυνθοσ
1130 1349 1174 1385 et
1216 1345 1354 1385 Ζέλεια
1389 1357 1524 1385 sonus
1555 1347 1739 1386 initialis
1770 1347 1958 1385 fortasse
1989 1346 2052 1385 ita

236 1412 303 1448 est
347 1411 543 1459 prolatus
591 1416 639 1452 ut
684 1414 901 1463 duplicem
950 1424 1185 1453 consonam
1234 1424 1320 1453 non
1371 1414 1558 1454 efficeret
1597 1415 1672 1453 sed
1715 1424 1821 1453 sono
1864 1414 1884 1452 ὁ
1927 1413 2051 1453 fieret

235 1477 393 1516 similis
406 1485 438 1528 q,
471 1481 841 1527 quemadmodum
873 1481 1016 1530 prima
1047 1481 1218 1529 syllaba
1236 1482 1554 1521 adiectivorum
1589 1481 1754 1519 δάσκιοσ
1782 1484 1824 1520 et
1852 1480 2052 1530 δαφοινόσ

235 1555 256 1583 e
289 1544 387 1594 ὃια-,
417 1545 519 1596 dja—9
549 1548 613 1593 ζα-
645 1551 713 1587 est
744 1550 847 1587 nata
861 1556 890 1588 Τ.

353 1612 460 1652 Cum
501 1615 698 1654 fluminis
734 1616 913 1655 nomine
944 1615 1216 1666 Σκάμανδροσ
1247 1621 1291 1655 et
1322 1617 1538 1655 adiectivo
1571 1617 1669 1655 inde
1702 1616 1829 1654 ducto
1860 1616 2051 1665 Σκαμάν-

235 1679 347 1728 δριοσ
379 1682 565 1720 conferri
596 1685 741 1731 potest
774 1684 893 1722 verbi
925 1683 1122 1723 biformis
1156 1683 1346 1733 σκίδνκμι
1376 1684 1470 1722 sive
1501 1683 1666 1733 κίδνκμι
1698 1693 1834 1722 sonus
1865 1695 1887 1720 σ
1918 1684 2050 1721 insta-

234 1747 332 1786 bilis
344 1756 370 1797 ⁸,
406 1751 449 1787 et
480 1750 522 1788 in
555 1751 774 1790 codicibus
808 1751 1053 1800 Κάμανδροσ
1079 1754 1209 1799 atque
1242 1750 1506 1799 Καμάνὸριοσ
1531 1751 1602 1790 hic
1629 1751 1718 1789 illic
1743 1752 1849 1789 sunt
1873 1751 2048 1798 scripta.

235 1814 373 1854 Hodie
404 1818 499 1855 tota
529 1817 700 1865 syllaba
729 1819 871 1867 prima
904 1818 1138 1867 obmutuit,
1171 1818 1361 1857 Mendere
1393 1819 1510 1857 enim
1538 1818 1700 1856 fluvius
1727 1818 1799 1856 ille
1826 1821 2018 1857 vocatur.

351 1882 448 1922 Vox
490 1883 649 1923 στέᾱτοσ
690 1886 877 1925 fortasse
917 1887 1094 1935 synizesi
1126 1886 1270 1924 versui
1308 1888 1376 1924 est
1408 1886 1615 1934 adaptata
1630 1885 1654 1934 ί,
1680 1881 1870 1922 Ἱστίαιαν
1901 1887 2049 1924 autem

234 1950 277 1987 et
304 1949 505 2001 Αἰγυπτίη
530 1954 678 1992 utrum
705 1953 1030 2002 quadrisyllaba
1058 1957 1165 1999 (oo-‘o
1191 1955 1234 1992 et
1259 1956 1365 1998 „neo-1)
1391 1955 1545 2002 poetae
1567 1953 1728 1992 fuerint
1749 1962 1803 1991 an
1819 1951 2051 2000 trisyllaba

221 2014 418 2066 ‘'larsaaav
450 2021 492 2057 et
524 2019 744 2070 Alybnqu,
776 2021 964 2060 dubitari
995 2023 1140 2070 potest
1152 2029 1186 2062 u·

351 2085 576 2125 Traditum
608 2097 694 2126 non
728 2091 795 2127 est
826 2087 898 2134 νὺξ
930 2086 1125 2139 ἀμβρότκ,
1155 2088 1231 2127 sed
1262 2086 1425 2139 ἀβρότη.
1459 2087 1574 2137 Quae
1611 2087 1832 2136 probanda
1863 2096 1948 2125 non
1981 2088 2049 2125 est

321 2274 340 2293 a
364 2265 507 2295 Schulze
539 2266 677 2302 Quaest.
708 2268 808 2297 Hom.
840 2269 925 2298 1887
959 2268 1110 2304 (Quaest.
1143 2269 1207 2307 Ep.
1235 2269 1333 2305 1892,
1359 2269 1400 2298 52
1425 2271 1526 2306 sqq.).
1552 2266 1764 2306 praepositio
1791 2265 1910 2297 aoristi
1933 2268 2048 2296 εἴσιδον

235 2318 266 2344 Π
291 2316 353 2346 256
379 2320 393 2345 λ
419 2318 483 2347 582
507 2328 530 2347 n
554 2320 618 2349 356
643 2320 686 2349 al.
711 2329 777 2350 non
803 2323 855 2350 est
879 2324 1054 2360 suspecta,
1075 2322 1239 2359 quoniam
1261 2330 1427 2359 praesens
1441 2318 1813 2359 etoopdmlegiturlocis
1827 2320 1879 2353 50,
1895 2320 2049 2348 futurum

232 2369 402 2406 εἰσόψομαι
434 2373 459 2399 Ε
488 2371 552 2400 212
583 2372 614 2401 Ω
647 2374 728 2408 206;
761 2374 880 2411 ἔῆιδον
907 2378 1034 2410 autem,
1060 2375 1152 2412 quod
1176 2378 1318 2413 propter
1343 2373 1523 2404 Aeolicum
1549 2374 1650 2404 εὔιδον
1674 2382 1740 2403 non
1765 2381 1865 2403 nemo
1891 2372 2048 2409 coniecit,

232 2429 345 2458 neque
368 2420 441 2451 illic
465 2432 578 2461 neque
600 2428 629 2453 A
656 2427 716 2455 112
743 2426 867 2456 alibive
892 2430 944 2457 est
968 2427 1169 2465 legendum.
1380 2426 1396 2456 b
1421 2430 1449 2457 Β
1476 2429 1539 2456 634
1567 2427 1609 2456 al.
1820 2435 1836 2455 e
1861 2428 1888 2454 Β
1915 2425 1979 2454 824
2004 2423 2047 2452 al.

364 2473 387 2503 d
411 2478 434 2504 Ε
459 2477 499 2505 36
525 2477 567 2506 al.
723 2488 740 2508 e
764 2482 791 2508 Β
816 2481 880 2510 465
904 2481 947 2510 al.
1105 2481 1129 2518 f
1147 2494 1159 2510 ε
1187 2482 1250 2511 237
1274 2495 1283 2511 ι
1309 2482 1386 2511 391.
1516 2491 1538 2520 y
1562 2493 1584 2519 φ
1611 2481 1685 2515 178,
1713 2481 1788 2510 183.
1923 2477 1943 2506 h
1966 2477 2047 2507 Hes.

233 2527 334 2564 Oper.
360 2528 435 2563 589,
459 2528 578 2559 Nauck
602 2531 704 2569 συκέη.
862 2533 873 2562 i
898 2535 933 2565 Ξ
955 2534 1008 2564 78.
1144 2533 1166 2573 j
1191 2537 1226 2563 Π
1247 2534 1310 2564 857
1325 2534 1368 2563 al.
1516 2533 1536 2562 lc
1562 2536 1588 2562 B
1613 2534 1674 2563 651
1702 2532 1744 2562 al.
1881 2530 1894 2560 l
1918 2533 1945 2560 Β
1970 2529 2046 2559 537.

366 2590 393 2609 m
418 2585 437 2610 I
459 2583 522 2612 382
549 2583 565 2611 ὁ
591 2584 644 2619 83,
669 2584 741 2618 127,
767 2585 829 2614 229
855 2584 869 2619 ξ
895 2587 969 2622 263,
994 2587 1057 2616 286
1083 2598 1100 2626 ρ
1125 2587 1200 2616 432.
1336 2597 1355 2615 n
1379 2586 1419 2616 Id
1444 2588 1512 2616 est:
1537 2587 1602 2615 αἰὲν
1622 2588 1749 2619 vcitana,
1766 2596 1781 2612 ν
1805 2585 1878 2620 109,
1900 2583 1918 2621 ξ
1941 2579 2046 2612 32410.

363 2642 381 2662 0
405 2633 486 2664 Hes.
510 2632 597 2672 Clip.
623 2637 652 2671 3,
681 2638 731 2671 16,
755 2637 807 2666 35.
937 2649 960 2678 p
986 2638 1004 2676 ξ
1029 2639 1081 2668 25.
1215 2649 1233 2679 q
1257 2637 1413 2669 Dicimus
1438 2637 1681 2668 Britannorum
1705 2645 1827 2667 sonum
1855 2635 1888 2665 th
1912 2633 2047 2669 mollem,

233 2693 284 2715 ex.
308 2695 358 2724 gr.
382 2687 520 2722 ζέεδέ,
549 2689 830 2724 ζίκαιαεδίκαια,
861 2690 926 2720 alia
956 2692 1154 2722 huiusmodi
1186 2693 1220 2722 iu
1252 2690 1537 2730 inscriptionibus
1569 2691 1674 2726 Eleis,
1702 2690 1800 2720 Blass
1827 2685 2045 2725 Auesprache

233 2739 293 2769 des
317 2738 581 2770 Griechiechen³
606 2743 668 2771 110
692 2744 726 2771 et
751 2743 825 2772 116.
960 2755 976 2773 ν
1001 2746 1016 2779 ,S
1042 2746 1094 2775 90.
1229 2755 1244 2774 s
1268 2745 1285 2783 g
1307 2745 1360 2782 45,
1381 2746 1456 2774 301.
1478 2744 1586 2774 Aliter
1606 2744 1737 2774 Usener
1763 2742 1870 2779 Altgr.
1891 2738 2044 2770 Versbau

235 2793 273 2822 27
304 2795 373 2822 not.
404 2794 463 2823 30:
496 2794 572 2829 „ich
603 2794 730 2832 glaube
758 2795 853 2825 nicht
884 2796 963 2826 dass
996 2800 1023 2826 Β
1049 2798 1124 2833 465,
1156 2798 1219 2827 467
1252 2800 1278 2827 Ε
1309 2799 1349 2827 49
1380 2801 1408 2827 Ζ
1442 2798 1505 2828 402
1530 2800 1558 2826 A
1584 2798 1647 2826 499
1675 2799 1709 2825 X
1732 2796 1794 2826 148
1820 2803 1879 2824 vor
1905 2804 1943 2823 σκ
1967 2790 2044 2822 eine

232 2845 335 2874 kiirze
359 2845 507 2883 gedacht
530 2848 630 2884 war’',
657 2857 696 2877 ex
721 2847 963 2886 antiquissima
982 2851 1143 2880 nimirum
1166 2854 1239 2881 arte
1258 2851 1321 2880 hos
1342 2859 1460 2880 versus
1481 2858 1663 2888 superesse
1685 2852 1793 2884 ratus,
1812 2855 1932 2877 revera
1953 2846 2044 2875 euim

233 2908 249 2927 e
284 2898 376 2927 binis
404 2900 584 2929 versiculis
618 2902 828 2939 compositos
864 2911 939 2932 esse
976 2904 1141 2941 singulos,
1177 2913 1281 2942 supra
1315 2913 1393 2942 pag.
1419 2905 1471 2934 48.
1507 2904 1561 2933 Sic
1598 2911 1677 2932 vero
1711 2901 1815 2931 verba
1852 2900 1896 2929 ἐπ’
1935 2900 2043 2935 ἠϊόεντι

233 2952 437 2991 ἕιαμάνόρωι
468 2955 502 2981 et
532 2952 670 2990 similia,
694 2957 773 2984 nota
796 2953 828 2991 d,
853 2955 960 2985 falsae
985 2957 1164 2993 analogiae
1189 2959 1305 2987 essent
1322 2956 1515 2990 tribuenda,
1536 2959 1569 2985 et
1588 2954 1809 2985 statuendum
1832 2954 1924 2982 esset
1941 2951 2041 2980 aliam

233 3004 379 3033 nominis
420 3003 527 3041 fluvii,
560 3005 661 3035 aliam
698 3008 845 3036 nominis
879 3009 1010 3046 proprii
1047 3008 1125 3038 inde
1160 3009 1254 3039 ducti
1289 3010 1323 3038 in
1357 3008 1468 3038 Iliade
1504 3009 1611 3038 fuisse
1648 3008 1814 3036 rationem
1852 3002 2042 3034 metricam.

370 3059 381 3084 t
405 3057 422 3093 ἦ
449 3058 477 3086 8.
613 3069 633 3088 u
659 3060 742 3089 Cum
774 3060 954 3090 Hesiodeis
982 3061 1214 3100 Ἠλεκτρύωνοσ
1247 3065 1280 3091 et
1311 3065 1407 3099 -ώνησ
1438 3066 1518 3090 nota
1548 3070 1566 3090 o
1598 3068 1721 3089 nornen
1755 3057 1918 3088 heroinae
1943 3059 2041 3086 Ἀλεκ-

232 3111 348 3149 τρώναν
371 3110 405 3138 in
431 3110 532 3139 titulo
554 3110 687 3140 Rhodio
712 3114 797 3142 4110
822 3114 953 3151 optimo
977 3114 1049 3143 iure
1074 3114 1220 3143 contulit
1245 3113 1501 3144 vWilamowitz.
