2234 3443
214 182 293 220 102
740 191 793 219 mr
826 192 1065 222 vocAmssus
1096 194 1147 223 m
1179 194 1487 223 DiPH'rHONffls.
1901 184 1939 229 [ἓ
1973 183 2025 221 27

209 303 437 341 versiculis
481 301 558 341 αἰεὶ
604 301 646 341 δὲ
689 308 898 353 μαλακοῖσι
944 307 1011 345 vel
1058 306 1153 357 χειρὶ
1201 308 1305 355 μάλα
1351 308 1516 357 μεγάλκι
1564 308 1739 356 expleta
1784 308 1841 345 sit
1887 308 2030 345 arsis?

208 370 406 409 Minime!
441 370 551 408 Nam
584 371 834 410 huiusmodi
861 372 1059 411 versibus
1086 376 1134 412 ut
1158 374 1300 413 lucem
1329 374 1434 413 illud
1461 376 1688 413 inventurn
1707 375 1845 423 possit
1862 374 2028 423 afferre,

207 447 385 475 necesse
427 439 494 476 est
535 440 610 476 aut
650 441 850 477 sumatur
889 440 1081 479 initiales
1120 441 1218 480 illos
1250 451 1381 480 sonos
1412 443 1538 490 culpa
1569 442 1857 490 posteriorum
1890 451 1912 479 e
1943 450 2030 479 car-

206 503 398 542 minibus
431 504 563 551 epicis
592 506 836 553 evanuisse,
865 506 1141 546 rescribenda
1166 508 1301 556 igitur
1333 519 1430 547 esse
1457 506 1498 546 δὲ
1524 511 1759 557 σμαλακοῖσι
1785 513 1828 547 et
1853 507 2028 556 similia,

207 572 282 608 aut
313 571 535 610 vocalibus
567 571 784 620 brevibus,
813 573 969 620 quibus
996 575 1113 612 arsin
1139 575 1304 624 expleri
1331 585 1416 614 non
1443 577 1637 615 sinerent
1662 576 1782 624 leges
1808 576 2029 623 metricae,

206 638 426 676 interdum
482 641 632 677 tamen
689 640 731 677 id
788 641 895 678 iuris
952 640 1003 679 ab
1059 642 1167 690 ipsis
1216 643 1356 691 poetis
1404 653 1500 682 esse
1546 644 1757 682 tributum
1804 644 2043 691 propterea,

208 705 319 751 quod
362 715 448 743 vox
485 715 670 753 sequens
712 717 736 745 a
777 707 944 746 duabus
985 710 1302 749 consonis....
1346 721 1430 749 non
1473 711 1682 758 inciperet
1722 710 1912 758 quidem,
1954 709 2029 748 sed

208 773 309 810 ante
350 772 513 819 aliquot
556 773 782 812 hominum
827 777 996 814 aetates
1038 777 1265 825 coepisset.
1309 777 1497 826 Quarum
1536 779 1787 826 opinionum
1820 777 2031 825 posterior

208 847 256 876 eo
303 840 443 878 tendit
489 841 536 878 ut
581 841 685 879 Ilias
732 843 774 879 et
817 841 1013 890 Odyssea
1053 853 1138 882 non
1180 845 1295 883 veris
1331 846 1472 893 poetis
1503 845 1648 883 deberi
1680 844 1922 891 credantur,
1956 843 2031 882 sed

206 905 505 944 imitatoribus
537 908 784 956 servilibus,
818 909 890 956 qui
921 919 975 948 ne
1007 920 1164 949 versus
1190 912 1364 959 quidem
1391 921 1579 960 pangere
1606 912 1799 958 integros
1823 911 2033 959 longasve

209 971 402 1019 syllabas
435 983 460 1012 a
491 974 698 1013 brevibus
730 975 976 1015 discernere
1008 977 1184 1017 scirent.
1217 978 1339 1017 Prior
1364 989 1468 1017 vero
1493 979 1744 1017 coniectura
1768 978 1857 1026 illa,
1883 987 2031 1016 secun-

208 1040 311 1078 dum
344 1051 475 1088 quam
509 1041 618 1093 afda,
647 1043 844 1092 σλαπάρκ,
875 1046 1036 1094 σνευριί,
1061 1046 1229 1097 νεράκοσ,
1254 1046 1340 1084 alia
1366 1047 1617 1085 huiusmodi
1642 1047 1907 1097 plurima—
1927 1054 2031 1083 nam

207 1108 304 1155 quis
341 1109 425 1147 erit
457 1108 588 1148 finis?
623 1132 674 1137 —
708 1110 751 1148 in
783 1112 908 1150 textu
940 1114 1186 1151 carminum
1218 1115 1438 1162 epicorum
1471 1115 1613 1153 forent
1642 1113 1884 1160 scribenda,
1915 1113 2032 1150 caret

206 1175 374 1214 ratione
405 1176 562 1215 idonea
593 1179 636 1216 et
668 1178 1022 1227 defensoribusa;
1051 1183 1143 1229 ipse
1169 1183 1318 1219 autem
1351 1181 1587 1219 Hoffmann
1619 1180 1834 1220 eiusmodi
1860 1179 2031 1218 temeri-

207 1243 290 1280 tati
319 1252 406 1281 non
439 1244 636 1293 indulsit,
670 1246 744 1284 sed
776 1247 959 1285 sumsit:
998 1247 1262 1295 „imaginem
1295 1250 1469 1287 tantum
1503 1248 1597 1287 sive
1629 1248 1829 1286 umbram
1861 1246 2034 1284 litterae

206 1311 475 1357 superfuisse
517 1313 714 1360 tempore
756 1312 1064 1367 Homerico”b‚
1107 1315 1331 1363 eleganter
1369 1315 1513 1363 magis
1553 1316 1749 1354 scribens
1779 1324 1911 1362 quam
1945 1323 2031 1362 per·

205 1377 352 1424 spicue
385 1380 428 1417 et
459 1379 695 1428 imaginem
723 1382 818 1420 sive
845 1382 1048 1421 umbram
1077 1383 1294 1431 opinionis
1319 1383 1543 1432 proferens
1559 1384 1705 1431 potius
1722 1392 1849 1430 quam
1869 1381 2033 1421 claram

207 1445 544 1494 evidentemque
576 1449 858 1488 sententiam.
886 1450 996 1488 Nam
1023 1452 1147 1489 extat
1173 1450 1441 1490 elementum
1469 1453 1544 1489 aut
1571 1461 1656 1490 non
1675 1452 1811 1498 extat,
1830 1449 2035 1488 scribitur

208 1511 355 1551 littera
387 1515 463 1552 aut
494 1523 578 1552 non
613 1514 833 1565 scribitur,
868 1516 937 1555 vel
969 1518 1129 1566 potius,
1169 1539 1217 1546 ——
1253 1519 1461 1565 quoniam
1496 1518 1547 1557 de
1581 1519 1705 1556 vivae
1737 1517 1858 1556 vocis
1887 1516 2034 1555 modu-

205 1579 442 1618 lationibus
490 1582 644 1630 agitur,
691 1592 777 1622 non
825 1584 877 1622 de
923 1584 1062 1632 signis
1108 1585 1426 1633 exemplarium
1473 1595 1607 1624 manu
1650 1587 1944 1632 exaratorum,
1983 1604 2027 1611 -—

206 1646 381 1686 auditur
411 1658 548 1687 sonus
579 1651 655 1687 aut
685 1660 771 1689 non
804 1651 997 1690 auditur:
1033 1653 1213 1691 tertium
1246 1662 1332 1691 non
1366 1653 1506 1693 datur.
1539 1655 1628 1692 Aut
1657 1653 1788 1700 igitur
1819 1660 2033 1690 consonae

205 1714 307 1753 illae
343 1714 535 1755 initiales
567 1718 712 1756 aetate
743 1718 923 1757 Homeri
953 1720 995 1757 in
1029 1729 1231 1758 sermone
1263 1720 1516 1767 quotidiano
1548 1721 1681 1759 etiam
1714 1719 1893 1768 proferri
1927 1718 2031 1757 sole-

206 1780 323 1830 bant,
357 1784 473 1821 certe
504 1783 548 1822 in
580 1784 768 1823 dictione
801 1787 972 1834 poetica
1003 1796 1210 1825 sonorum
1242 1787 1483 1835 priscorum
1515 1788 1658 1827 tenaci
1690 1785 2033 1835 proferebantur,

207 1851 283 1887 aut
313 1852 414 1888 ante
446 1850 568 1889 illam
601 1854 793 1891 aetatem
827 1853 1103 1893 interierunt.
1137 1853 1196 1892 Ut
1228 1855 1431 1903 exemplo
1462 1858 1654 1902 utamur,
1683 1854 1903 1892 Homerus
1929 1852 2038 1891 dice-

205 1916 336 1954 batne
373 1917 555 1966 σνιφόεισ
589 1920 707 1957 domi
740 1929 839 1959 cum
871 1921 964 1960 suis
997 1921 1292 1970 confabulans,
1327 1924 1444 1961 certe
1475 1923 1519 1960 in
1553 1921 1818 1961 carminibus
1851 1920 2032 1967 dicebat,

207 1993 262 2021 an
305 1983 496 2033 νιφόεισὶ)
532 1985 645 2025 Illud
677 1987 714 2025 si
746 1988 979 2037 sumimus,
1011 1989 1251 2028 scribamus
1282 1988 1387 2027 illud
1420 1990 1585 2037 sigma!
1619 1989 1871 2028 Scribamus
1901 1988 2035 2036 igitur

208 2061 276 2089 ex.
304 2061 366 2099 gr.
399 2051 562 2100 Τμώλωι
593 2052 672 2092 ὕπο
705 2054 950 2104 σνιφόεντιε,
984 2057 1355 2103 quemadmodum
1387 2056 1622 2096 scribimus
1652 2057 1754 2108 dp'w
1781 2058 1824 2094 et
1850 2055 1965 2106 dfioa
1991 2058 2035 2093 et

207 2117 378 2169 dfstvda,
408 2120 509 2167 quia
536 2121 578 2159 in
601 2123 829 2169 poetarum
849 2133 921 2161 ore
938 2133 1097 2162 sonum
1113 2134 1152 2162 w
1170 2124 1337 2162 vixisse
1355 2126 1521 2163 certum
1540 2125 1753 2172 ducimus,
1771 2123 1872 2162 licet
1888 2123 2035 2161 littera

207 2200 235 2236 f
278 2186 322 2223 in
361 2187 487 2225 textu
534 2188 694 2228 tradito
742 2199 827 2227 non
871 2188 1166 2238 compareatd.
1210 2191 1283 2229 Sin
1324 2192 1587 2230 adiectivum
1620 2191 1777 2239 νιφόεισ
1809 2191 1853 2229 in
1886 2190 2034 2238 lingua

206 2255 358 2300 poetae
406 2254 583 2293 carebat
627 2256 787 2294 initiali
832 2267 939 2296 sono
986 2269 1022 2306 σ,
1069 2259 1122 2297 ad
1169 2259 1367 2297 carmina
1406 2259 1634 2306 pangenda
1673 2258 1782 2296 nihil
1824 2258 1862 2296 ei
1893 2258 2033 2306 potuit

207 2320 412 2368 prodesse
438 2321 581 2360 forma
607 2323 825 2370 antiquior
852 2324 1048 2374 σνιφόεισ,
1077 2336 1162 2373 qua
1182 2335 1321 2373 neque
1338 2327 1430 2374 ipse
1447 2328 1641 2365 uteretur
1658 2335 1796 2373 neque
1815 2325 2031 2372 aequales.

328 2388 376 2425 In
408 2389 557 2427 ‘mediis
584 2400 687 2428 vero
714 2391 941 2430 vocabulis
967 2392 1181 2440 geminati
1208 2393 1305 2431 soni
1331 2407 1406 2445 ff,
1431 2395 1487 2442 λλ,
1514 2408 1584 2443 μμ,
1609 2407 1672 2441 vv,
1696 2407 1756 2441 ρρ,
1784 2403 1830 2430 σσ
1849 2394 2032 2430 servant

208 2455 339 2502 prisci
371 2456 467 2494 aevi
501 2458 709 2505 vestigia;
742 2459 849 2497 item
878 2461 1236 2508 praepositionum
1268 2461 1366 2498 soni
1398 2459 1553 2499 finales
1584 2460 1794 2509 producti,
1824 2459 2030 2507 quoniam

210 2522 555 2570 praepositiones
587 2534 685 2563 cum
719 2536 797 2565 suo
829 2527 1005 2566 nomine
1037 2538 1172 2566 unam
1204 2538 1357 2566 vocem
1392 2528 1652 2567 efficiebant.
1690 2527 1951 2576 Exemplum
1985 2528 2033 2564 ut

208 2589 491 2638 proferamus,
540 2590 638 2628 κατὰ
683 2593 869 2642 λαπάρην
901 2605 1056 2633 revera
1088 2596 1236 2634 sonuit
1266 2595 1589 2644 καταλλαπάρκυ,
1619 2605 1673 2634 ex
1707 2594 2030 2634 antehomerico

208 2658 354 2696 autem
397 2668 516 2706 aevo,
561 2670 643 2706 quo
677 2662 900 2700 dicebatur
926 2662 1024 2700 κατὰ
1051 2664 1274 2710 σλαπάρκν,
1300 2664 1508 2712 repetitae
1535 2666 1637 2702 sunt
1670 2663 1750 2701 hae
1777 2661 2030 2708 similesque

211 2724 467 2778 locutiones,
503 2728 550 2764 ut
581 2727 623 2765 in
657 2728 778 2776 epico
809 2729 868 2766 εἰν
900 2727 966 2767 ἁλί
995 2723 1198 2779 superest
1228 2731 1421 2779 priscum
1455 2729 1496 2768 ἐν
1529 2731 1654 2768 caue.

329 2793 399 2831 Sic
441 2793 641 2842 plurimis
683 2796 905 2835 vocalibus
945 2797 1150 2836 brevibus
1191 2799 1310 2837 arsin
1353 2800 1454 2837 ante
1492 2799 1702 2846 liquidam
1736 2795 2032 2836 obtinentibus

211 2862 363 2907 parata
400 2864 469 2899 est
496 2858 742 2910 defensios;
771 2864 846 2901 sed
874 2865 971 2911 quis
999 2866 1147 2903 credat
1174 2866 1309 2904 etiam
1338 2865 1380 2903 in
1411 2875 1539 2904 versu
1567 2863 1642 2903 αἰεὶ
1669 2862 1711 2903 δὲ
1739 2865 1947 2913 μαλακοῖσι
1965 2860 2032 2899 καὶ

299 3043 317 3061 τι
343 3033 415 3062 Non
440 3035 578 3063 omnino
605 3034 646 3063 ab
672 3044 710 3064 ea
736 3035 869 3063 alienus
895 3037 966 3064 erat
992 3035 1122 3065 Ahrens
1149 3037 1168 3065 l.
1195 3037 1215 3066 1.
1241 3038 1305 3066 610
1328 3035 1382 3071 (=
1395 3037 1441 3065 kl.
1462 3036 1691 3073 Schr.1112).
1826 3035 1841 3064 b
1866 3034 1938 3064 L.l.
1957 3035 2029 3063 157.

210 3084 329 3114 Simile
356 3086 484 3115 dictum
512 3086 628 3116 Jebbii
652 3087 741 3116 infra
765 3087 783 3125 ξ
811 3089 862 3116 40.
1019 3097 1035 3117 c
1062 3093 1084 3117 ἴ
1112 3090 1185 3118 385.
1343 3089 1366 3119 d
1387 3090 1405 3127 ξ
1431 3090 1482 3118 42.
1640 3098 1655 3117 e
1679 3090 1695 3125 ξ
1723 3088 1792 3116 44¹.
1950 3087 1972 3122 f
1992 3088 2030 3117 In

210 3138 366 3167 versibus
391 3139 453 3167 409
480 3148 519 3167 ex
544 3139 604 3168 671
633 3138 813 3179 (vflartel).
