2234 3443
141 189 165 234 5
197 187 265 234 68,
299 186 371 231 69]

751 192 805 219 DE
837 189 1159 221 DEchAmoNE
1190 190 1360 218 TERTIA.
1878 179 1960 217 175

259 305 288 360 ἓ
318 305 390 349 68.
421 307 588 346 Vocum
631 305 732 357 γόνυ
759 307 818 350 ,et
856 303 955 353 δόρυ
987 314 1123 343 sonus
1155 318 1176 341 ο
1210 303 1253 342 in
1287 303 1482 351 genitivo
1514 303 1757 350 ceterisque
1791 304 1964 342 casibus

140 376 424 426 productione
466 373 734 422 suppletoria
776 374 845 411 est
885 373 1064 418 auctus;
1106 371 1269 419 stirpes
1311 371 1429 409 enim
1471 384 1572 421 yovv
1615 370 1710 409 sive
1740 384 1891 421 γο-νυατ
1923 372 1966 408 et

143 443 242 494 δορυ
269 443 363 481 sive
391 441 540 491 δορυατ
568 440 770 479 abierunt
797 440 840 478 in
866 439 1043 491 yovfuxr)
1070 439 1112 477 et
1137 438 1313 489 δορματ)
1340 438 1435 476 sive
1460 439 1638 488 γουν(ατ)
1670 439 1715 476 et
1742 437 1964 487 δουρ(ατ)α.

261 510 380 558 Sing.
468 508 569 559 γόνυ
1236 503 1334 553 δόρυ

466 574 617 626 γουνόσ
684 574 779 612 Sive
810 572 1011 624 γούνατοσ
1234 570 1385 621 δουρόσ
1495 571 1589 610 Sive
1622 571 1819 620 δούρατοσ

518 664 570 670 -
1235 635 1381 689 δουρίῦ
1538 668 1555 687 ,,
1625 638 1789 688 δούρατι

261 710 386 751 Dual.
516 731 569 737 —
1235 705 1354 756 δοῦρε

262 777 378 816 Plur.
470 782 599 828 γοῦνα
728 805 745 824 „
814 774 990 825 γούνατα
1237 772 1365 823 δοῦρα
1539 803 1556 821 ,,
1625 772 1802 822 δούρατα

470 843 631 896 γούνων
1235 840 1395 890 δούρων

469 911 656 962 γούνεσσι
736 940 752 958 ,‚
816 908 997 960 γούνασι.
1237 907 1426 957 δούρεσσι
1539 938 1556 956 ,‚
1626 907 1806 957 δούρασι.

264 979 408 1018 Etiam
455 979 500 1017 in
543 977 754 1017 derivatis
800 975 1117 1027 γουνά(ζ)ομαιε,
1157 973 1381 1025 ἐπιγουνίσ,
1431 974 1662 1025 δουράτεοσ,
1709 975 1974 1025 δουρηνεκήσ,

147 1045 376 1095 δουροδόκκ
407 1056 543 1086 sonus
575 1060 624 1084 ov
658 1047 866 1084 servatus
900 1045 980 1092 est,
1015 1053 1253 1092 suppressa
1279 1052 1383 1081 vero
1411 1045 1479 1081 est
1504 1043 1656 1091 stirpis
1682 1057 1781 1094 γονυ
1810 1042 1974 1081 vocalis

145 1114 261 1163 prior
290 1113 335 1152 in
364 1113 583 1153 adverbiis
615 1114 769 1163 πρόχνυ
803 1115 847 1150 et
876 1108 1011 1162 γνύξᾶ
1042 1113 1085 1150 et
1117 1112 1161 1149 in
1194 1110 1474 1149 substantivo
1507 1110 1667 1161 ῖγνύκε,
1697 1110 1848 1158 stirpis
1875 1110 1973 1159 δορυ

147 1183 296 1220 autem
329 1182 372 1220 in
407 1181 586 1220 vocibus
618 1180 734 1228 δρῦσ,
766 1179 891 1229 δρίοσ,
923 1178 1035 1217 aliis.

266 1247 539 1287 Nominativi
572 1247 873 1286 accusativive
906 1245 1144 1293 singularis
1175 1245 1316 1283 forma
1347 1244 1573 1283 trochaica
1597 1249 1725 1295 γοῦνυ
1752 1244 1821 1283 vel
1849 1244 1974 1293 ὁοῦρυ

149 1324 288 1362 neque
320 1315 364 1353 in
397 1315 547 1363 lingua
579 1316 700 1363 epica
733 1314 884 1352 extitit
915 1323 1054 1360 neque
1088 1322 1281 1361 unquam
1315 1313 1458 1361 potuit
1484 1315 1658 1360 extare;
1691 1322 1794 1350 nam
1823 1312 1974 1360 stirpis

149 1393 285 1422 sonus
317 1398 355 1431 υ,
386 1383 459 1431 qui
489 1384 533 1421 in
565 1379 796 1430 genitivos
822 1381 1067 1428 ceterisque
1101 1380 1273 1419 casibus
1305 1380 1468 1428 liquida
1498 1380 1684 1418 haustus
1710 1380 1976 1418 coniunctim

150 1459 249 1489 cum
292 1449 368 1488 illa
409 1449 626 1498 syllabam
666 1449 882 1488 initialem
928 1448 1145 1497 produxit,
1188 1449 1231 1486 in
1275 1447 1454 1486 vocibus
1494 1447 1595 1498 γόνυ
1628 1449 1673 1485 et
1703 1446 1801 1497 δόρυ
1834 1457 1979 1495 super-

151 1520 221 1557 est
251 1518 434 1565 integer.

271 1647 300 1702 5
331 1650 406 1692 69.
449 1651 678 1690 Adiectiva
719 1651 762 1688 in
805 1661 883 1688 -εισ
926 1650 1171 1688 desinentia
1212 1648 1501 1696 designabant
1541 1649 1582 1686 id
1621 1658 1704 1696 quo
1736 1658 1806 1687 res
1838 1648 1983 1695 aliqua

155 1719 223 1758 vel
254 1719 458 1758 animans
487 1720 739 1757 instructum
772 1720 854 1765 est,
887 1728 912 1756 a
938 1717 1174 1765 participiis
1205 1716 1386 1765 perfecti
1423 1716 1553 1754 activi
1582 1717 1626 1755 et
1651 1716 1802 1754 aoristi
1819 1716 1984 1764 passivi

153 1787 235 1826 hac
280 1786 541 1834 praesertim
588 1786 630 1824 in
682 1795 728 1823 re
770 1785 1078 1834 discrepantia,
1120 1784 1232 1831 quod
1274 1793 1358 1822 non
1391 1783 1503 1822 verbi
1534 1784 1609 1822 sed
1642 1783 1826 1822 nominis
1857 1783 1983 1831 stirpi

153 1852 367 1892 suffixum
399 1865 477 1890 -εισ
508 1852 787 1892 adhaerebat.

275 1920 416 1960 Sonus
446 1935 490 1971 f,
524 1930 608 1967 quo
640 1920 770 1958 huius
801 1918 949 1958 suffixi
982 1920 1117 1967 stirps
1149 1932 1264 1970 -fsvr
1294 1918 1500 1966 primitus
1526 1920 1681 1956 ornata
1706 1918 1832 1966 fuit9‚
1862 1918 1986 1956 extat

154 1988 199 2027 in
232 1987 374 2036 lapide
407 1987 671 2035 Corcyraeo:

510 2052 657 2092 πολλὸν
689 2050 1007 2105 ἀριστεύρονταᾶ
1038 2050 1136 2090 κατὰ
1168 2050 1436 2103 στονόμεσσαν
1468 2049 1647 2103 ἀρυτάνί

157 2124 201 2162 et
231 2122 274 2161 in
307 2122 614 2170 Pamphylico:
648 2117 900 2172 tcudfsooaj.

275 2189 324 2228 In
367 2189 490 2238 epica
529 2189 718 2228 dictione
759 2189 866 2227 haec
909 2188 1125 2226 adiectiva
1167 2186 1525 2233 frequentissima
1565 2186 1755 2238 fuerunt,
1796 2196 1865 2225 ex,
1899 2197 1985 2234 gr.:

157 2255 308 2309 χαρίξισ
348 2256 504 2306 (χάρισ),
548 2253 736 2305 ἠνεμόεισ
776 2252 1001 2304 (animost,
1042 2252 1189 2292 σκιόεισ
1231 2254 1366 2301 (σκιή),
1404 2252 1579 2302 μητιόεισ
1612 2257 1770 2303 (μῆτισ),
1805 2253 1987 2303 ἷχθυόεισ

159 2318 324 2374 (ἰχθῢσ),
362 2322 564 2373 ἀστερόεισ
605 2321 769 2373 (ἀστήρ).
806 2322 854 2360 In
887 2315 1128 2360 recentiOre
1161 2331 1263 2359 vero
1301 2321 1451 2369 lingua
1487 2331 1623 2359 unum
1656 2321 1805 2371 χαρίεισ
1838 2322 1950 2359 vixit
1965 2318 1987 2359 l.

251 2521 271 2540 a
292 2511 376 2548 Pag.
402 2511 463 2540 113
478 2509 501 2546 i,
522 2509 544 2547 l,
564 2520 593 2540 v.
729 2509 745 2539 b
770 2510 922 2539 Posteris
947 2510 1024 2549 δορί,
1050 2517 1100 2538 ex.
1126 2517 1176 2546 gr.
1202 2508 1257 2538 Ar.
1282 2509 1366 2538 Rau.
1393 2510 1496 2546 1289;
1522 2518 1584 2547 pro
1609 2510 1664 2538 σὺν
1692 2509 1775 2548 δόρει
1796 2510 1852 2538 σὺν
1876 2509 1986 2537 &onnia

161 2563 344 2603 (Choerob.
376 2561 482 2592 Bekk.
515 2562 644 2593 Anecd.
681 2564 779 2598 1364,
810 2563 922 2600 Etym.
947 2563 990 2591 M.
1017 2562 1092 2597 284,
1119 2562 1176 2598 32‚·
1199 2562 1319 2591 Zonar.
1347 2562 1426 2600 564)
1451 2562 1519 2600 leg.
1542 2561 1595 2596 ξὺν
1619 2562 1685 2602 δορὶ
1711 2560 1764 2594 ξὺν
1786 2562 1897 2590 ἀσπίδι
1925 2559 1987 2596 [sic

163 2615 264 2646 codd.
295 2615 350 2644 Ar.
380 2615 481 2652 Vesp.
514 2615 627 2652 1081).
659 2616 834 2644 Hermann
859 2623 940 2643 vero
973 2613 1126 2650 (Ellendt
1153 2613 1188 2642 in
1211 2613 1292 2643 Lex.
1318 2614 1422 2652 Soph.
1447 2623 1474 2643 s.
1499 2622 1530 2644 v.
1555 2614 1656 2654 δόρυ),
1679 2613 1831 2642 Dindorf
1852 2612 1909 2650 (ad
1931 2614 1988 2642 Ar.

164 2670 243 2699 Pac.
278 2668 353 2706 358,
384 2665 419 2696 in
450 2667 530 2696 Lex.
564 2668 686 2696 Aesch.
717 2676 743 2696 s.
767 2676 797 2696 v.
822 2668 907 2706 δόρυ,
932 2667 973 2696 ad
999 2666 1102 2704 Soph.
1129 2667 1171 2695 fr.
1197 2666 1261 2695 374
1273 2664 1317 2705 b),
1339 2667 1458 2696 Nauck
1483 2666 1565 2707 δόρει
1588 2665 1623 2695 in
1651 2668 1747 2695 textu
1778 2666 1985 2702 tragicorum

163 2719 293 2760 passim
327 2720 536 2749 scribebant.
561 2720 656 2755 Quae
683 2721 793 2749 forma
817 2722 927 2749 metro
951 2727 1017 2747 non
1042 2719 1108 2747 nisi
1133 2718 1237 2756 Soph.
1262 2719 1344 2748 Oed.
1371 2719 1443 2748 Coi.
1470 2721 1533 2748 620
1559 2721 1612 2748 est
1636 2718 1747 2747 utilis:
1775 2718 1842 2757 δορὶ
1867 2718 1988 2746 διασκε-

165 2774 260 2803 δῶσιν
279 2773 361 2811 (leg.
380 2773 457 2802 ὶόωσ
478 2772 543 2812 δορὶ
564 2772 738 2809 σκεὸῶσιν).
875 2781 890 2801 c
915 2772 931 2808 ξ
955 2771 1028 2806 144,
1049 2770 1148 2800 codd.
1168 2776 1349 2808 γουνοῦμαι,
1371 2772 1386 2810 Β
1403 2773 1476 2801 191.
1611 2769 1634 2800 d
1652 2769 1733 2807 Pag.
1756 2771 1795 2799 73
1808 2769 1839 2808 j,
1855 2769 1885 2806 k,
1904 2770 1987 2799 item

164 2826 201 2856 in
225 2828 343 2855 nostro
369 2824 452 2854 lcm'e.
599 2834 615 2853 e
640 2827 672 2853 N
692 2825 756 2853 212
781 2824 814 2853 h.
839 2824 942 2853 Mero.
969 2823 1049 2860 152;
1076 2832 1116 2852 ex
1140 2825 1276 2862 ἰν-γνύ-ι]
1300 2822 1493 2862 (G.Meyer2
1516 2822 1594 2862 68)?
1619 2823 1785 2852 Molestus
1808 2825 1861 2851 est
1885 2830 1988 2851 sonus

166 2879 200 2912 l-‚
221 2875 304 2907 licet
323 2876 359 2906 in
378 2876 539 2906 dialectis
558 2876 735 2905 nonnullis
758 2878 786 2905 ἰν
804 2885 865 2914 pro
887 2879 916 2905 ἐν
937 2876 1042 2905 fuerit
1054 2875 1196 2905 dictum.
1332 2876 1355 2913 f
1374 2879 1696 2913 Eyovuoa—yovfoo.
1827 2884 1848 2913 9
1861 2875 1988 2903 Poetae

166 2931 257 2969 epici
280 2939 320 2960 eo
339 2928 394 2959 usi
417 2938 484 2958 non
509 2928 679 2965 videntur,
704 2937 781 2966 pag.
805 2929 878 2957 135.
1012 2926 1268 2968 Ιιαριστευτοηα
1286 2936 1402 2958 errans
1419 2928 1557 2966 scripsit
1572 2926 1775 2966 lapidarius,
1789 2935 1868 2964 pag.
1885 2928 1989 2966 1309.

300 2982 312 3012 ι’
337 2982 473 3019 Corcyr.
497 2982 594 3010 3189.
733 2979 754 3019 j
776 2980 956 3018 Pamphyl.
983 2981 1079 3009 1266.
1227 2979 1248 3009 k
1271 2982 1289 3018 ξ
1315 2982 1368 3010 21.
1516 2979 1528 3008 l
1549 2980 1668 3016 Neque
1691 2979 1755 3009 hoc
1778 2977 1814 3008 in
1839 2979 1990 3008 dictione

167 3033 312 3071 vulgari.
335 3032 428 3063 Artis
451 3033 697 3071 grammaticae
721 3036 842 3070 postea
867 3033 933 3061 fuit
951 3040 1015 3062 vox
1042 3036 1194 3071 φωνήεισς
1219 3035 1254 3062 et
1278 3033 1456 3071 complura
1477 3032 1646 3061 adiectiva
1666 3030 1702 3060 in
1721 3036 1792 3061 -οῡσ
1813 3033 1870 3069 (=
1885 3033 1990 3070 -όεισ),

170 3094 222 3115 ex.
253 3094 303 3123 gr.
324 3089 475 3119 πλακοῦσ,
499 3086 581 3115 artis
600 3094 702 3115 voces
728 3086 781 3115 vel
805 3083 943 3114 nomina
969 3085 1109 3122 propria
1133 3088 1214 3114 sunt
1236 3086 1337 3115 faeta.
1363 3085 1531 3115 Adiectivi
1557 3086 1651 3122 ἢῖόεισ
1676 3087 1700 3113 Ε
1723 3086 1764 3114 36
1788 3085 1989 3121 ignorantur

171 3137 223 3166 vis
247 3140 281 3166 et
302 3139 409 3175 origo.
