2234 3443
163 224 188 269 ἓ
222 224 317 272 191,
349 223 447 269 192]
774 230 828 258 nn
859 228 1082 258 STIRPIBUS
1114 227 1161 256 m
1192 227 1230 266 ᾱ,
1260 230 1300 266 η,
1330 230 1373 253 ω.
1887 211 1972 250 329

162 345 409 395 πονήμενοσ,
441 345 689 397 φοβήμενοσ,
719 344 994 394 ἳκνήμενοσῗα
1022 342 1129 381 Cum
1157 339 1309 389 ἐδάμνα
1321 336 1350 387 b,
1374 339 1546 376 καθίστα
1557 345 1586 386 0,
1608 335 1743 386 ἕκίρνᾶ
1754 334 1787 386 d,
1813 334 1978 374 ἔπίτνᾶθ

163 413 366 462 legantur
405 414 449 453 in
492 412 818 462 exemplaribus
847 410 1175 459 manuscriptis,
1208 417 1319 457 quae
1351 406 1579 445 verborum
1615 405 1658 442 in
1690 419 1753 454 -μι
1784 404 1978 443 desinen-

163 481 277 520 tium
322 481 489 520 formae
520 480 687 520 nemini
723 489 778 518 ex
808 492 872 516 -αε
903 479 1154 517 contractae
1186 474 1323 514 videri
1349 474 1533 522 possunt
1547 469 1587 520 f,
1621 481 1696 510 cur
1728 470 1826 509 inde
1858 479 1977 518 sepa-

164 549 285 587 retur
331 545 450 595 κῦδᾶ,
503 548 572 587 cui
616 546 852 595 singularis
896 544 1069 584 numeri
1114 543 1282 582 formae
1328 540 1494 579 sociata
1541 540 1608 577 est
1649 538 1791 576 forma
1836 537 1978 575 dualis

164 615 374 655 -διίτκνθῗ
419 616 556 654 Erunt
596 615 669 663 qui
717 612 824 652 κῦὁκ
871 612 1002 652 scribi
1058 610 1228 658 malint,
1277 608 1352 647 alii
1397 605 1502 645 ᾱῦδᾶ
1549 609 1592 644 et
1637 599 1815 643 ᾶύδᾶτᾶν
1861 613 1977 652 prae-

163 679 357 722 ferenth:
390 683 431 722 id
468 685 649 730 certum,
683 680 951 720 contractioni
972 679 1079 717 illud
1109 675 1215 715 κῦδᾶ
1240 686 1325 715 non
1353 674 1499 714 deberi
1516 671 1541 712 2'.
1568 672 1801 711 Indicativi
1829 673 1977 710 autem

165 750 299 789 medii
331 751 378 788 2³
407 760 592 799 persona
623 748 741 799 ὅρηαι
773 758 872 788 cum
906 747 963 786 sit
996 746 1159 785 tradita
1191 745 1233 783 in
1265 743 1346 782 hoc
1378 751 1529 780 versu:

519 815 709 867 ῥωγαλέα,
739 814 784 853 τὰ
815 813 880 852 καὶ
913 812 1034 852 αὐτὸσ
1066 811 1108 850 ἐν
1140 809 1416 861 ὀφθαλμοῖσιν
1449 807 1566 858 ὅρηαι

167 887 210 924 et
241 885 285 923 in
316 885 420 924 hoc:

520 945 550 989 ὦ
581 951 716 1002 γύναι,
745 948 793 988 οὐ
825 947 898 1000 γὰρ
931 953 1053 986 ταῦτα
1086 945 1128 985 ἐν
1161 943 1434 995 ὀφθαλμοῖσιν
1468 939 1623 992 ὅρηαι),

164 1029 189 1058 a
229 1019 366 1068 stirpe
407 1017 479 1068 ὁρᾶ
519 1019 582 1057 ita
623 1017 752 1057 ducta
793 1018 842 1055 ut
873 1015 1003 1065 ὁίζηαι
1045 1025 1069 1053 a
1105 1014 1241 1062 stirpe
1279 1009 1412 1060 διζηὶ,
1442 1011 1585 1060 prima
1615 1017 1801 1057 persona
1833 1006 1981 1055 quidni

166 1086 298 1126 fuerit
343 1082 529 1136 ὅρκμαιῐ,
565 1085 700 1124 tertia
731 1084 878 1133 quidni
912 1082 1065 1132 ὄρηται,
1099 1091 1186 1121 non
1219 1078 1373 1130 ὁρῶμαι
1405 1081 1449 1118 et
1480 1076 1631 1128 ὁρᾶται,
1662 1085 1770 1124 quae
1803 1076 1907 1113 sunt
1937 1074 1980 1112 in

166 1153 418 1193 codicibus?
448 1153 725 1202 participium
759 1161 844 1190 non
876 1148 1093 1199 ὁρώμενοσ,
1124 1148 1200 1187 sed
1231 1145 1442 1196 ὁράμενοσ,
1473 1144 1844 1194 quemadmodum
1877 1141 1984 1189 διζή-

166 1232 285 1269 μενοσ
319 1223 387 1260 est
418 1221 583 1260 dictum
615 1219 803 1258 testibus
833 1218 988 1257 libris?
1020 1216 1104 1256 Cur
1137 1215 1357 1265 spernitur
1389 1227 1523 1263 ορκτο,
1552 1211 1664 1259 quod
1696 1211 1740 1249 in
1772 1208 1985 1248 Zenodoti

167 1288 356 1327 editione
395 1288 532 1327 fuisse
572 1287 731 1326 docent
770 1285 989 1332 scholiam,
1030 1286 1232 1322 servatur
1263 1282 1494 1330 vulgatum
1525 1279 1632 1318 illud
1663 1275 1812 1327 ὁρᾶτοῑ)
1843 1276 1985 1315 Nimis

167 1355 360 1404 profecto
393 1355 508 1394 cauti
539 1355 664 1393 nobis
696 1353 897 1392 videmur
929 1352 1035 1391 talia
1067 1361 1151 1390 non
1185 1352 1412 1389 mutantes
1443 1349 1538 1397 ipso
1571 1349 1699 1395 poeta
1730 1346 1852 1393 duce,
1887 1353 1986 1382 cum

168 1423 427 1471 praesertim
458 1421 551 1460 solo
583 1423 750 1460 accentu
781 1422 953 1459 mutato
987 1418 1121 1467 δρᾶται
1155 1420 1198 1457 et
1231 1416 1346 1466 ὄρᾱτο
1379 1416 1509 1455 liceat
1539 1414 1727 1454 scribere
1758 1413 1812 1451 ad
1840 1421 1982 1451 exem-

167 1489 288 1538 plum
319 1489 544 1538 praeteriti
576 1486 728 1537 ἒδάμνᾱ
759 1489 801 1526 et
833 1486 1059 1525 similium.

287 1620 315 1675 5
349 1622 448 1665 192.
482 1624 692 1672 Stirpium
724 1623 768 1661 in
797 1633 820 1660 ᾱ
847 1621 1140 1660 desinentium
1169 1629 1304 1658 sonus
1330 1617 1474 1657 finalis
1499 1618 1542 1656 in
1567 1616 1716 1654 futuro
1742 1613 1985 1661 ceterisque
2024 1627 2028 1630 ¹

167 1691 438 1740 temporibus
482 1691 613 1731 scribi
657 1690 770 1729 solet
811 1705 849 1736 κ,
891 1699 961 1727 ex.
998 1698 1084 1736 gr.:
1128 1686 1356 1735 πειράομαι,
1400 1685 1656 1734 πειρκσομαι,
1701 1680 1988 1731 ἐπειρκσάμκν,

169 1758 425 1807 πεπείρκμαι.
455 1756 689 1807 ἐπειρήθην.
722 1757 802 1796 Sed
836 1757 1063 1795 servatum
1099 1756 1166 1793 est
1197 1764 1220 1792 ᾱ
1250 1754 1294 1792 in
1327 1753 1395 1791 his
1428 1751 1573 1791 verbis
1606 1749 1796 1789 duobus:

290 1829 359 1885 (ἀ)
391 1828 564 1883 ἅμεναι”
596 1833 750 1872 satiare
781 1831 849 1870 vel
880 1831 1042 1876 satiari,
1081 1827 1501 1878 ευὺ1.ἅομενο,ίυῖ.
1536 1821 1770 1874 ἆσέμεναιρ,
1801 1819 1946 1860 ἄσεσθε
1960 1830 1991 1871 q,

171 1911 259 1940 aor.
291 1895 426 1950 ἆσηιν,
456 1895 634 1949 ἄσαιμιδ,
664 1895 784 1938 &aad
785 1928 796 1948 ,
826 1894 1048 1937 &naseam
1082 1920 1129 1925 -
1163 1897 1258 1936 Adi.
1293 1895 1466 1935 verbale
1510 1892 1662 1939 (chamo
1693 1890 1987 1931 insatiabilisv.

170 1967 402 2006 Praeterea
431 1968 664 2007 cohaerent
694 1967 797 2004 ἅδην
813 1974 836 1993 10
870 1968 912 2004 et
944 1964 1042 2003 ἅδοσ
1054 1971 1088 2000 τ.

290 2031 384 2087 (ἐᾱ)
416 2033 491 2072 ἐάω
505 2031 542 2084 ᾖ,
572 2029 674 2073 ἐᾶσω
689 2043 718 2083 ²,
748 2033 858 2072 εἴασα
874 2040 903 2070 ³.

290 2101 420 2140 Verbi
450 2101 560 2151 βοάω
585 2102 752 2141 formae
789 2097 1081 2151 ἒπιβώσομαιῖ),
1117 2093 1441 2149 ἐπιβωσόμεθ’(α)
1456 2104 1486 2145 0,
1517 2096 1691 2146 βώσαντι
1704 2093 1738 2144 d,
1768 2094 1989 2145 βωστρεῖνΘ

264 2283 284 2302 a
308 2277 336 2304 B
362 2274 423 2304 667
449 2277 476 2303 A
501 2274 566 2304 374
595 2277 619 2305 Θ
645 2274 707 2304 149
733 2286 742 2303 ι
768 2274 830 2304 128
858 2273 901 2303 al.
1102 2271 1118 2302 b
1143 2270 1159 2310 ξ
1185 2273 1260 2302 296.
1461 2281 1477 2301 0
1501 2271 1520 2310 ξ
1546 2270 1638 2300 196¹.
1827 2265 1850 2296 d
1873 2264 1888 2303 ἓ
1914 2263 1990 2293 297-

286 2335 302 2356 e
325 2325 344 2364 ξ,
369 2327 444 2357 300.
577 2326 600 2363 f
617 2327 698 2364 Pag.
725 2327 764 2356 57
779 2337 815 2356 w.
840 2326 959 2356 Nauck
985 2325 1063 2355 Mel.
1089 2325 1148 2355 Gr.
1175 2326 1213 2355 R.
1238 2323 1282 2354 IV
1307 2324 1372 2354 485
1397 2333 1484 2362 sqq„
1511 2322 1624 2353 Naber
1649 2322 1787 2358 Qnaest.
1811 2320 1911 2349 Hom.
1938 2318 1991 2350 84,

175 2380 234 2409 alii
257 2379 360 2418 alpha
382 2380 557 2410 iusserunt
578 2380 613 2408 in
649 2392 665 2417 η
689 2380 827 2414 mutari,
850 2379 978 2415 legitur
1003 2381 1118 2413 antem
1143 2378 1213 2415 ἵστη
1235 2379 1269 2406 Φ
1294 2378 1370 2412 313,
1396 2381 1481 2417 κίρνη
1506 2375 1520 2410 ξ
1545 2376 1586 2405 78
1612 2385 1634 2404 n
1649 2375 1702 2404 52.
1840 2381 1861 2410 9
1886 2369 1991 2399 Λ136

177 2434 212 2461 Χ
235 2433 288 2462 90.
443 2430 463 2461 h
490 2434 505 2467 ξ
532 2432 560 2461 5.
751 2431 763 2461 i
786 2431 908 2468 Itaque
933 2430 1038 2468 alpha
1061 2439 1104 2459 ne
1129 2430 1172 2459 iis
1196 2429 1337 2468 quidem
1362 2429 1447 2459 locis
1472 2427 1674 2458 solvendum
1700 2428 1752 2455 eet
1774 2422 1836 2454 ubi
1858 2423 1933 2453 fieri
1955 2421 1990 2450 id

175 2484 292 2514 sinunt
311 2493 473 2514 versuum
498 2485 643 2519 numeri,
667 2488 694 2513 A
721 2485 783 2513 256
809 2486 836 2513 Ε
854 2485 908 2518 30,
931 2482 997 2512 454
1022 2486 1051 2511 Ζ
1078 2482 1141 2511 144
1165 2482 1208 2512 al.
1345 2481 1366 2520 j
1390 2480 1405 2516 ξ
1431 2481 1494 2511 343
1521 2484 1556 2510 ot
1578 2479 1725 2517 Creoph.
1751 2478 1805 2512 fr„
1828 2476 1843 2515 §
1868 2476 1930 2505 195
1957 2474 1991 2503 et

177 2536 252 2565 309.
387 2533 408 2564 lc
444 2541 460 2564 2
485 2537 560 2572 100,
583 2536 600 2574 ξ
627 2537 701 2566 200.
852 2534 865 2564 I
896 2533 1008 2564 Etiam
1033 2535 1183 2563 activum
1209 2534 1300 2574 ὅρημι
1323 2534 1428 2563 habet
1452 2542 1518 2571 quo
1542 2531 1822 2565 commendatum
1847 2528 1991 2558 Theocr.

177 2587 223 2617 VI
250 2588 281 2624 8,
304 2587 361 2624 22,
382 2587 424 2617 25
448 2588 512 2617 VII
536 2590 577 2618 40
602 2589 694 2629 ὃρημι
719 2592 753 2618 et
777 2589 913 2627 ὅρησθα.
1110 2597 1138 2616 m
1162 2589 1196 2616 A
1223 2587 1276 2623 56,
1301 2588 1376 2616 198.
1595 2595 1614 2614 n
1640 2587 1675 2614 Φ
1699 2583 1752 2619 70,
1776 2591 1855 2620 pag.
1879 2581 1940 2609 331
1955 2578 1990 2613 b;

177 2640 387 2670 thematicae
409 2639 566 2670 flexionis
587 2641 651 2671 hoc
668 2641 810 2671 verbum
832 2639 901 2670 dici
922 2641 978 2670 vix
1002 2642 1130 2678 potest,
1149 2640 1217 2669 nisi
1237 2639 1329 2677 quod
1349 2641 1379 2669 3.
1402 2638 1472 2669 ind.
1494 2648 1586 2677 pass.
1605 2638 1692 2667 ἄεται
1706 2638 1759 2665 est
1771 2634 1897 2664 tradita
1911 2632 1991 2662 Hes.

177 2691 264 2731 Clip.
292 2693 366 2722 101.
499 2702 517 2723 o
545 2696 575 2722 T
592 2694 670 2733 402,
695 2693 794 2724 codd.
819 2695 923 2729 ἕωμεν.
1101 2702 1123 2732 p
1149 2695 1177 2721 A
1203 2693 1280 2722 818.
1459 2702 1477 2732 q
1504 2691 1535 2720 Ω
1561 2691 1636 2720 717.
1827 2697 1843 2715 r
1867 2689 1893 2714 Σ
1916 2685 1993 2725 2817.

308 2761 324 2782 «ς
358 2755 378 2782 Ι
398 2753 475 2783 489.
652 2757 664 2784 t
700 2757 726 2784 E
747 2755 810 2784 289
826 2735 896 2789 {lq
921 2756 949 2782 A
975 2754 1039 2782 574
1067 2757 1090 2782 0
1115 2754 1154 2783 31
1184 2755 1218 2783 Φ
1244 2754 1306 2783 168
1336 2756 1369 2783 Ψ
1391 2753 1466 2787 157,
1490 2752 1550 2782 ubi
1572 2749 1691 2780 satiari
1721 2749 1776 2777 hic
1798 2746 1991 2776 infinitivus

177 2805 358 2843 significat,
387 2805 520 2835 Ahrens
549 2805 696 2836 coniecit
725 2803 795 2836 ἆται
827 2806 924 2843 Gonj.
957 2806 1027 2835 auf.
1055 2817 1090 2842 μι
1118 2806 1171 2841 23,
1201 2805 1325 2835 collata
1347 2804 1529 2841 trisyllaba
1552 2802 1712 2832 infinitivi
1739 2802 1850 2830 forma
1874 2793 1994 2836 ἄμεναι.

311 2867 331 2887 u
358 2860 388 2886 T
406 2858 481 2887 307.
502 2858 641 2888 Alienae
668 2861 748 2888 sunt
771 2859 901 2888 formae
932 2856 1078 2887 vitiosae
1101 2854 1156 2887 ἇσε
1178 2861 1194 2887 λ
1217 2859 1255 2887 61
1283 2860 1318 2887 et
1341 2852 1442 2887 ἄσατο
1470 2859 1499 2885 Τ
1519 2856 1560 2885 95
1586 2854 1617 2894 (ξ
1640 2854 1728 2890 287),
1750 2846 1870 2888 ἄσαμεν
1889 2849 1990 2880 π367

178 2906 207 2950 (ξ
233 2910 324 2947 174).
351 2910 463 2940 Etiam
486 2911 508 2940 1.
530 2920 559 2940 a.
585 2915 618 2940 N
638 2911 702 2941 315
726 2913 853 2940 ἑάσουσι
878 2912 912 2939 et
935 2910 957 2939 1.
983 2919 1011 2939 a.
1039 2923 1051 2939 ε
1077 2911 1140 2940 290
1168 2912 1243 2939 ἑάᾶν
1267 2910 1443 2940 erroribus
1467 2909 1648 2938 debentur.
1837 2913 1855 2932 v
1878 2905 1905 2932 E
1927 2902 1991 2932 388

179 2967 207 2992 A
235 2963 298 2993 430
323 2963 377 2998 al„
399 2962 497 2993 codd.
524 2960 611 2993 ἆωσ.
762 2973 788 2993 w
823 2962 839 3002 ξ
864 2960 970 2992 32412.
1113 2971 1134 2992 z
1172 2963 1293 2993 Aliena
1318 2960 1394 3000 ἦδοσ
1418 2970 1496 3000 pag.
1525 2961 1585 2990 141
1601 2969 1641 2994 m,
1668 2950 1793 2996 ἁδηκώσ
1817 2958 1849 2986 1(
1871 2957 1912 2986 98
1937 2954 1992 2990 al„

178 3008 301 3054 Ῐῖδήσειε
324 3027 344 3045 α
370 3016 431 3045 134
456 3013 564 3056 (recte
587 3017 609 3046 l.
635 3025 663 3045 a.
688 3016 853 3054 ἀηδήσειε).
987 3014 1011 3054 ᾖ
1036 3018 1063 3044 A
1089 3015 1130 3045 55
1155 3016 1216 3051 al.;
1240 3016 1353 3045 iterat.
1376 3016 1500 3050 ἔασκον,
1524 3025 1573 3042 -κε
1598 3014 1622 3041 Ε
1646 3012 1709 3041 802
1731 3011 1793 3047 al.;
1817 3017 1879 3047 pro
1898 3009 1992 3038 εἰῶσι,

180 3067 257 3099 eim.
281 3069 349 3105 leg.
373 3071 490 3104 ἐάουσι,
512 3069 600 3104 sim„
624 3067 640 3107 §
665 3070 740 3098 191.
895 3078 912 3097 ,τ
943 3070 970 3097 Ε
992 3067 1056 3098 465
1081 3067 1124 3097 al.
1281 3076 1300 3097 a
1334 3070 1362 3096 A
1389 3068 1452 3097 226
1481 3067 1524 3096 al.
1696 3064 1718 3094 b
1742 3075 1761 3093 α
1783 3063 1846 3093 378
1870 3066 1890 3102 ρ’
1916 3063 1991 3091 143-

312 3130 329 3151 c
365 3124 396 3151 1(
418 3122 482 3151 463
518 3124 553 3150 Χ
573 3122 656 3156 254;
693 3121 879 3158 utrobique
909 3120 931 3150 l.
958 3129 987 3153 a,
1022 3120 1245 3155 ἐπιδωσόμεθ’,
1279 3120 1340 3150 sed
1372 3118 1542 3150 invocandi
1573 3118 1716 3148 verbum
1747 3116 1992 3152 necessarium.

313 3173 334 3202 d
369 3175 411 3202 M
434 3173 508 3203 337.
644 3182 661 3203 e
695 3186 716 3210 μ
743 3174 817 3204 124.
840 3174 894 3203 Sic
917 3175 1081 3213 ἐλάστρεον
1104 3176 1127 3202 Σ
1153 3173 1216 3203 543
1240 3182 1259 3202 a
1282 3172 1386 3203 verbo
1411 3174 1509 3202 ἐλάω
1533 3174 1586 3201 eet
1609 3170 1764 3204 ductum,
1786 3167 1802 3207 ξ
1828 3168 1903 3198 287.
