2234 3443
939 172 1195 201 PRAEFArro.
1923 166 1978 204 35

280 287 350 325 Sic
392 287 594 326 videlicet
624 288 694 326 hic
724 287 1033 336 ludimagister
1065 287 1322 335 prohibebat
1352 297 1406 325 ne
1440 288 1599 326 Achilli
1630 289 1778 326 iuveni
1809 288 1982 329 confite-

160 356 282 393 retur
320 356 578 403 praeceptor
618 364 666 393 se
709 364 808 393 cum
852 354 990 402 patris
1031 355 1100 392 sui
1133 353 1374 392 concubina
1407 354 1510 392 olim
1544 364 1639 393 rem
1672 355 1893 394 habuisse.
1928 379 1980 384 —

161 421 219 460 At
243 422 391 470 inepta
417 423 460 460 et
485 421 672 460 absurda
699 423 762 460 sic
787 420 899 460 fiunt
930 431 1042 469 quae
1075 422 1195 460 addit
1226 421 1451 460 Phoenix!
1487 442 1544 448 —
1575 422 1692 460 Nihil
1725 422 1767 460 id
1796 423 1850 460 ad
1880 423 1982 461 illos

159 489 382 530 homines:
409 488 533 528 bonis
558 491 675 528 certe
703 489 899 528 moribus
931 489 1182 528 consultum
1209 491 1314 527 erat.
1335 489 1513 528 Vicinos
1542 491 1691 528 autem
1709 499 1863 528 versus
1881 500 1980 537 qua—

158 559 270 605 tuor,
298 557 455 604 quibus
481 556 679 595 Phoenix
707 557 769 595 ait
795 557 838 595 in
867 567 916 595 eo
943 556 1082 595 fuisse
1099 557 1227 595 utira
1244 556 1453 604 abreptus
1470 558 1639 604 patrem
1657 557 1939 595 obtruncaret
1952 565 1984 605 a,

160 624 212 663 ab
245 623 501 663 Aristarcho
533 634 554 662 e
588 625 796 662 contextu
829 624 995 663 exemti
1042 633 1139 662 esse
1170 623 1368 662 feruntur
1395 633 1449 661 ne
1478 624 1577 671 quid
1606 624 1859 662 detrimenti
1884 624 1983 662 inde

161 692 365 740 caperent
397 701 544 730 mores
575 691 820 730 iuventutis
834 688 862 730 b.
897 690 1013 739 Quae
1045 690 1204 729 sabella
1236 692 1284 729 ut
1315 690 1538 729 sublestae
1571 691 1629 729 sit
1655 690 1769 738 fidei,
1798 691 1982 730 minime

161 760 311 796 tamen
352 759 420 796 est
461 757 753 805 neglegenda;
796 767 897 796 nam
941 758 1064 796 nasci
1096 768 1182 796 non
1215 759 1446 806 potuisset,
1480 758 1517 796 si
1549 758 1636 796 tale
1668 758 1769 805 quid
1800 758 1843 796 in
1876 757 1981 796 illud

161 835 320 864 aevum
353 834 439 863 non
473 825 707 863 cecidisset-
738 827 780 863 et
811 824 924 863 serio
957 825 1200 872 interprete
1228 825 1458 873 indignum
1492 827 1611 864 esset
1641 825 1788 863 visum
1803 831 1831 863 ι’.
1860 823 1982 863 Com-

160 893 306 942 plures
347 893 496 931 autem
539 891 694 930 Iliadis
737 894 867 939 atque
909 891 1131 939 Odysseae
1163 902 1318 930 versus
1351 902 1376 930 a
1407 891 1641 944 Zenodoto,
1674 892 1983 940 Aristophane,

158 960 256 999 aliis
286 959 427 998 notati
457 960 561 997 sunt
592 961 641 997 ut
676 959 920 1008 „indecori”
937 955 969 997 d.
1003 958 1138 997 Multo
1172 960 1341 997 cautior
1374 961 1469 997 erat
1501 959 1797 998 Aristarchus.

277 1026 338 1066 De
371 1026 438 1065 dis
469 1036 580 1074 quae
606 1036 761 1075 parum
789 1029 1041 1065 reverenter
1067 1027 1183 1065 dicta
1208 1036 1305 1065 esse
1333 1026 1609 1075 videbantur,
1636 1027 1829 1074 graviter
1857 1035 1985 1074 saepe

159 1094 463 1144 improbarunt
493 1093 754 1142 philosophi.
789 1093 1097 1142 Xenophanes,
1133 1094 1205 1141 qui
1239 1095 1371 1133 etiam
1406 1094 1652 1142 rhapsodus
1679 1094 1771 1142 fuit,
1800 1095 1863 1132 sic
1889 1103 1985 1132 eon·

159 1163 341 1210 questus
373 1162 463 1200 est:

514 1228 645 1266 πάντα
676 1224 802 1266 θεοῖσ’
840 1225 1049 1277 ἀνέθηκαν
1068 1225 1251 1277 Ὅμηρόσ
1283 1223 1322 1265 θ’
1349 1223 1543 1266 τΗσίοδόσ
1573 1241 1625 1276 τε,
1642 1257 1649 1265 .
1669 1257 1701 1265 ..

514 1293 695 1334 κλέπτειν
728 1295 927 1345 μοιχεύειν
959 1309 997 1333 τε
1027 1294 1093 1333 καὶ
1125 1293 1324 1344 ἀλλήλουσ
1355 1292 1570 1333 ἀπατεύειν
1586 1301 1614 1332 2.

278 1363 422 1402 Etiam
454 1363 599 1401 acrius
631 1361 868 1401 Heraclitus
898 1362 1114 1411 Ephesius
1145 1362 1188 1400 in
1221 1363 1450 1410 poetarum
1485 1362 1536 1400 de
1568 1361 1800 1400 caelitibus
1840 1370 1985 1409 „men-

162 1430 315 1470 dacia”
348 1431 551 1468 invectus
583 1429 826 1468 Homerum
860 1428 1035 1477 ἔφασκεν
1067 1427 1180 1475 ἄξιον
1212 1424 1314 1466 εἶναι
1346 1427 1388 1466 ἐκ
1420 1433 1498 1466 τῶν
1525 1426 1693 1479 ἀγώνων
1720 1426 1986 1478 ἐκβάλλεσθαι

161 1495 227 1536 καὶ
258 1496 496 1548 ῥαπίζεσθαι
509 1493 540 1544 f,
573 1506 658 1534 non
691 1496 856 1534 malum
882 1498 1048 1543 poetam
1080 1498 1216 1544 ratus,
1251 1496 1327 1534 sed
1359 1505 1505 1534 rerum
1539 1495 1788 1533 divinarum
1821 1494 1986 1533 malum

157 1566 480 1614 praeceptorem.
521 1564 797 1612 Pythagoras
840 1564 987 1601 autem
1028 1563 1250 1601 ferebatur
1290 1561 1497 1600 κατελθὼν
1538 1561 1597 1600 εἰσ
1626 1559 1770 1600 ’Ἀιὸου
1811 1560 1883 1611 τὴν
1915 1558 1987 1611 μὲν

157 1627 347 1670 Ἡσιόδου
387 1628 524 1681 ψυχὴν
566 1630 668 1668 ἰδεῖν
710 1629 814 1681 πρὸσ
854 1629 958 1668 κίονι
1000 1631 1147 1680 χαλκῶι
1190 1627 1410 1679 δεδεμένην
1450 1627 1518 1667 καὶ
1559 1629 1785 1679 τρίζουσαν,
1830 1627 1901 1678 τὴν
1942 1625 1985 1667 δὲ

150 1695 326 1750 Ὁμήρου
367 1697 622 1749 κρεμαμένην
664 1695 744 1736 ἀπὸ
787 1696 958 1747 δένδρου
1000 1695 1067 1735 καὶ
1106 1695 1222 1746 ὅφεισ
1263 1694 1350 1746 περὶ
1393 1694 1536 1746 αὐτήν,
1564 1692 1656 1734 ἀνθ’
1693 1689 1749 1734 ὧν
1780 1690 1863 1733 εἶπε
1894 1692 1984 1744 περὶ

157 1769 310 1806 θεῶνθ.
358 1766 410 1804 Et
456 1766 592 1814 Plato,
635 1766 741 1804 licet
780 1764 1025 1804 Homerum
1057 1765 1222 1813 optime
1254 1764 1459 1803 habuerit
1501 1764 1726 1812 cognitum
1760 1764 1804 1802 et
1836 1762 1982 1801 vivide

158 1833 290 1873 fuerit
322 1833 584 1883 admiratus,
617 1833 793 1881 saepius
824 1835 975 1871 tamen
1008 1832 1309 1871 necessarium
1342 1831 1467 1870 duxit
1500 1841 1600 1870 eum
1633 1831 1840 1880 refutare,
1874 1832 1917 1870 et
1942 1830 1985 1868 in

158 1901 350 1950 perfecta
382 1901 560 1939 civitate
593 1901 688 1939 eius
720 1899 991 1939 carminibus
1022 1899 1166 1938 locum
1204 1898 1382 1937 concedi
1414 1908 1542 1946 posse
1574 1894 1800 1946 negavith.

276 1967 428 2016 Itaque
470 1969 671 2016 paratam
713 1967 797 2006 sibi
839 1967 958 2005 viam
1001 1966 1172 2005 invenit
1213 1965 1361 2004 Zoilus
1402 1965 1807 2014 Amphipolitanus,
1849 1964 1918 2003 vir
1964 1973 1987 2002 e

157 2034 309 2074 schola
340 2033 619 2084 Cynicorum,
654 2035 727 2082 qui
759 2033 838 2072 1V0
869 2033 939 2072 vel
970 2033 1055 2071 111⁰
1084 2034 1187 2072 ante
1220 2031 1317 2071 Chr.
1352 2032 1528 2071 saeculo
1552 2028 1732 2082 Ὁμήρου
1758 2030 1892 2083 ψόγον
1917 2028 1984 2069 καὶ

156 2100 302 2153 λόγουσ
348 2099 463 2140 ἐννέα
509 2100 608 2139 κατὰ
652 2106 724 2150 τῆσ
762 2096 939 2150 Ὁμήρου
985 2099 1189 2149 ποιήσεωσ
1229 2099 1420 2148 scripsit,
1464 2109 1515 2137 ea
1561 2098 1803 2138 acrimonia
1850 2107 1985 2145 eoque

160 2169 437 2218 vituperandi
477 2169 622 2208 studio
664 2169 862 2216 insignes
904 2166 1062 2215 quibus
1104 2168 1148 2205 et
1188 2167 1344 2215 postea
1386 2165 1484 2204 odia
1516 2165 1822 2214 theologorum
1853 2164 1989 2203 nimis

157 2245 293 2284 saepe
323 2235 590 2284 flagrarunt3
625 2236 890 2284 quapropter
912 2230 1207 2284 Ὁμηρομάστιξ
1240 2234 1311 2272 est
1335 2234 1519 2271 vocatus
1547 2234 1589 2271 et
1615 2233 1773 2282 poetae
1800 2231 1986 2271 admira-

157 2302 327 2342 toribus
352 2302 523 2341 audivit
547 2302 765 2353 θραικικὸν
791 2301 1054 2352 ἀνδράποδον
1080 2298 1165 2338 ἅνω
1192 2298 1259 2338 καὶ
1283 2299 1388 2338 κάτω
1413 2299 1529 2338 τινὰσ
1549 2299 1700 2351 λήρουσ
1717 2302 1945 2349 φληναφῶν
1958 2295 1983 2338 2'.

277 2369 364 2408 Alii
401 2369 614 2419 allecorice
654 2370 837 2409 Homeri
878 2369 1077 2408 carmina
1116 2367 1448 2416 interpretando
1489 2367 1654 2406 diluere
1695 2366 1842 2406 conati
1882 2366 1986 2405 sunt

159 2446 268 2484 quae
294 2439 445 2476 contra
471 2438 666 2486 priscum
692 2439 842 2476 vatem
870 2436 1202 2485 proferebantur
1229 2435 1428 2474 crimina.
1456 2434 1610 2482 Itaque
1632 2435 1987 2474 demonstratum

157 2504 282 2543 ibant
322 2504 474 2543 Martis
515 2515 584 2544 ex.
628 2515 691 2553 gr.
735 2504 1005 2551 Venerisque
1045 2502 1144 2542 illos
1186 2512 1361 2541 amores
1402 2502 1514 2541 nihil
1555 2502 1715 2541 habere
1756 2501 1870 2550 quod
1901 2510 1989 2540 non

248 2660 269 2680 a
302 2654 322 2680 1
355 2650 544 2681 458—461.
680 2650 696 2680 b
733 2650 825 2681 Plut.
860 2651 944 2680 Mor.
981 2649 1064 2690 26f.
1210 2658 1226 2679 c
1260 2649 1340 2687 Ipse
1375 2648 1584 2680 Plutarchus
1618 2648 1724 2678 verba
1749 2646 1892 2678 Hesiodi
1922 2646 1984 2685 Op.

161 2702 337 2732 757—759
368 2704 412 2732 ὡσ
444 2704 548 2741 εὐτελῆ
580 2704 630 2732 καὶ
665 2702 775 2737 ἀνάξια
806 2703 1010 2739 παιδευτικῆσ
1041 2706 1164 2739 μουσῆσ
1194 2710 1212 2730 e
1245 2703 1408 2732 contextu
1432 2702 1536 2732 iussit
1561 2699 1678 2731 eximi.
1702 2700 1844 2730 Scilicet
1867 2701 1902 2729 et
1924 2707 1987 2728 nos

160 2754 385 2785 subridemus
420 2763 499 2785 cum
534 2755 696 2785 audimus
736 2757 875 2794 poetam
911 2755 1008 2792 gravi
1046 2762 1130 2783 voce
1165 2762 1338 2792 versuque
1375 2762 1501 2784 canoro
1541 2752 1597 2789 „in
1632 2754 1749 2790 iugem
1784 2759 1909 2788 aquam
1945 2758 1988 2780 ne

161 2807 239 2844 quis
269 2807 393 2838 lotium
424 2808 509 2838 faxit
540 2817 627 2838 neve
655 2809 813 2838 screato’'
837 2809 1026 2837 vetantem.
1051 2806 1119 2836 Sed
1143 2805 1347 2843 neutiquam
1373 2805 1455 2836 inde
1486 2806 1637 2836 efficitur
1658 2805 1786 2844 spurios
1808 2812 1883 2833 esse
1910 2803 1988 2832 illos

160 2867 293 2896 versus,
327 2859 436 2899 prisci
471 2859 581 2899 igitur
609 2863 734 2899 poetae
766 2859 802 2889 id
831 2869 899 2890 non
930 2866 1005 2889 esse
1036 2861 1263 2897 praeceptum
1288 2859 1342 2888 vel
1367 2858 1544 2888 contextui
1570 2856 1686 2896 operis
1709 2864 1831 2895 parum
1857 2858 1988 2893 aptum.

160 2913 195 2943 Si
219 2916 356 2950 cuncta,
380 2922 469 2951 quae
493 2922 577 2943 aevo
603 2913 741 2943 cultiori
766 2914 891 2947 ieiuna,
917 2912 1009 2947 vilia,
1035 2911 1278 2949 superstitiosa
1302 2912 1375 2941 visa
1399 2912 1490 2945 sunt,
1514 2919 1531 2939 e
1558 2909 1710 2939 carmine
1734 2909 1823 2938 vatis
1846 2906 1987 2938 Ascraei

161 2969 294 2996 resecta
331 2969 459 3003 essent,
494 2967 671 3003 aliquanto
705 2966 846 2996 brevius
876 2964 910 2994 id
938 2964 980 2993 ad
1011 2972 1073 2993 nos
1100 2964 1336 3002 pervenissetl
1517 2961 1539 2992 d
1562 2964 1592 2991 Γ
1623 2963 1686 2991 423
1713 2969 1790 2999 sqq.
1814 2964 1840 2989 A
1868 2961 1908 2990 88
1934 2967 1985 2996 sq.

164 3023 198 3049 Π
213 3020 254 3050 89
269 3028 320 3058 sq.
340 3020 372 3049 Ω
389 3020 452 3049 130
477 3020 493 3054 ζ
511 3020 576 3049 244
589 3027 640 3057 sq.
666 3031 681 3056 η
707 3019 768 3048 311
784 3027 872 3055 sqq„
894 3017 1004 3047 Cobet
1023 3017 1122 3047 Misc.
1143 3015 1226 3046 Crit.
1248 3015 1574 3051 225—239,Romer
1586 3014 1782 3044 Aristarchs
1797 3013 1987 3043 Athetesen

160 3073 302 3111 passim.
447 3081 463 3101 e
487 3070 584 3110 Diog.
608 3071 721 3101 Laert.
747 3071 762 3099 1
789 3071 839 3100 18.
987 3069 1010 3105 f
1028 3069 1117 3099 Ibid.
1139 3069 1187 3098 IX
1214 3070 1242 3098 1.
1385 3077 1407 3106 9
1432 3067 1521 3097 Ibid.
1548 3067 1627 3096 VIII
1654 3067 1706 3096 21.
1853 3065 1873 3095 Ιι
1897 3066 1984 3095 Plat.

162 3123 246 3163 Rep.
271 3125 375 3160 398a,
400 3125 496 3155 607a
521 3126 555 3154 et
579 3122 659 3153 libri
682 3123 735 3153 ΙΙΙ
759 3123 870 3152 initio.
1004 3121 1016 3151 i
1040 3121 1206 3151 Heraclit.
1233 3121 1343 3158 Alleg.
1366 3120 1466 3150 Hom.
1493 3121 1543 3149 14.
