2234 3443
252 175 306 213 68
782 174 835 201 DE
868 171 1106 200 VOCALIBUS
1138 171 1188 197 m*
1223 169 1526 197 mPHrHONGIS.
1898 158 1936 202 [g
1970 157 2008 203 7,
2043 157 2068 196 8

250 297 419 336 minum
462 291 681 340 epicorum
722 287 927 325 inventas
959 284 1321 331 transscriptores
1352 283 1629 331 interpretati
1661 285 1764 321 sunt
1795 282 1874 328 εἰῶ,
1904 283 2076 332 τρώχων,

249 368 453 411 τρωπῶσα.
492 357 622 396 metri
662 354 865 392 videlicet
907 352 1131 400 peritiores
1162 360 1294 397 quam
1327 349 1494 398 priscae
1525 350 1739 399 dictionis,
1773 352 1816 389 et
1846 350 1954 389 talia
1982 351 2070 389 iam

250 431 405 471 extant
444 428 487 466 in
530 421 857 470 exemplaribus
899 428 1007 466 quae
1048 417 1100 456 ad
1141 427 1222 455 nos
1252 419 1559 465 pervenerunt,
1591 417 1695 455 licet
1725 427 1853 456 nemo
1884 418 2075 466 potuerit

251 501 390 538 dicere
425 504 533 543 quae
565 499 773 530 sonorum
806 488 1037 534 longorum
1069 483 1120 522 εἰ·
1153 486 1196 522 et
1227 498 1322 533 τρω-
1353 484 1512 522 fuisset
1544 485 1707 533 origoa.
1738 485 1957 524 Nimirum
1992 484 2070 533 „ob

250 567 291 606 id
338 566 482 613 ipsum
531 570 555 598 a
601 557 741 606 poetis
781 553 951 592 inventi
998 561 1096 590 esse
1143 551 1428 590 credebantur
1473 553 1522 590 ut
1567 551 1711 591 locum
1754 551 1995 590 deficientis
2026 552 2070 591 in

251 643 379 673 versu
430 627 623 676 syllabae
679 621 946 671 explerent'’,
1007 622 1050 657 et
1097 619 1236 666 poetis
1276 618 1477 667 quicquid
1519 618 1681 658 libebat
1723 620 1856 658 etiam
1896 619 2073 658 licuisse

249 692 519 739 videbaturb.

368 766 428 803 De
457 761 640 809 cognato
670 756 857 805 quodam
876 755 1083 792 vitiorum
1103 764 1261 801 genere
1287 754 1400 792 infra
1422 755 1573 802 agetur
1587 760 1614 792 0.
1644 754 1836 792 Eandem
1859 755 2072 802 originem

250 831 495 873 habuerunt
531 829 758 877 γουνοῦμαι
790 825 833 861 et
865 821 1070 860 αἰδεῖσθαι
1102 831 1178 869 pro
1209 827 1417 871 γουνῶμαι
1449 816 1746 866 (ΓΟΝΟΜΑΙ)
1778 823 1872 860 Sive
1902 821 2073 873 γουνάσ-

251 916 321 950 μαι
333 898 354 928 d
379 901 423 938 et
440 895 626 934 αἴδεσθαι
641 885 980 940 (ΑΙΔΕΣΘΑΙΥ
996 889 1172 937 scripta.
1191 889 1278 927 Nec
1294 899 1380 927 non
1398 889 1592 937 duplices
1608 889 1818 928 lectiones
1834 889 2073 927 σκιόεντα-

250 967 443 1006 σςιιόωντα
458 961 488 1007 f,
528 955 1073 1007 τροφόεντα-τροφέονταθ,
1112 953 1653 1006 μητιόεντα-μητιόωνταῆ,
1692 955 2075 1007 ῥυπόεντα-ρυπό-

251 1032 379 1074 ωνταὶ
424 1034 508 1070 huc
553 1028 742 1073 faciunt;
791 1035 893 1064 nam
941 1025 1086 1063 Attice
1117 1023 1288 1072 prolata
1317 1026 1361 1063 et
1392 1024 1553 1063 Atticis
1584 1024 1744 1063 litteris
1775 1025 1938 1073 scripta
1968 1024 2076 1062 haec

249 1102 465 1142 adiectiva
490 1097 601 1136 fiunt
628 1094 884 1131 ΣΚΙΟΝΤΑ
912 1093 1008 1138 cet„
1037 1091 1192 1139 quibus
1215 1092 1354 1139 signis
1373 1101 1472 1130 cum
1489 1096 1632 1129 -ofivw
1651 1093 1745 1130 tum
1765 1096 1889 1128 -ῶντα
1905 1093 2075 1139 poterat

248 1168 443 1210 indicari.
485 1166 538 1204 Et
569 1162 730 1202 similis
761 1160 846 1199 fuit
877 1170 972 1198 sors
1003 1159 1236 1197 verborum
1270 1159 1312 1196 in
1345 1161 1471 1197 textu
1500 1158 1662 1197 tradito
1694 1159 1757 1196 sic
1787 1159 2074 1206 scriptorum:

249 1238 339 1276 εἴλει
371 1233 429 1274 ἐνὶ
461 1228 582 1280 σπῆϊ]
614 1232 680 1268 et:
712 1227 842 1266 εἴλευν
873 1225 914 1264 ἐν
946 1223 1140 1273 svalva&
1169 1236 1278 1273 quae
1306 1237 1405 1265 cum
1432 1226 1593 1264 litteris
1615 1226 1803 1264 vetustis
1821 1228 2072 1273 exarantur,

250 1305 360 1344 fiunt
395 1297 763 1338 ΕΛΕΕΝΙΣΠΕΙ
796 1296 840 1334 et
872 1291 1377 1343 ΕΛΟΝΕΝΣΤΕΝΕΙῘ,
1409 1314 1463 1320 —
1497 1304 1549 1332 en
1582 1293 1774 1332 emicant.
1800 1293 1897 1341 ipsa
1921 1295 2073 1341 poetae

252 1372 406 1411 verba:
440 1364 657 1419 (μέλλεθ’)
690 1361 748 1401 ἐνὶ
780 1360 891 1400 σπέεϊ
920 1365 987 1400 et:
1023 1357 1211 1413 ('f)s'ssov
1244 1359 1330 1405 ἔνθ)
1362 1358 1539 1400 στένεϊΜ.

368 1436 558 1475 Dubium
605 1432 739 1480 igitur
787 1440 872 1469 non
920 1431 988 1468 est
1033 1430 1134 1477 quin
1183 1429 1280 1467 soni
1322 1429 1547 1477 contracti,
1590 1429 1663 1477 qui
1694 1429 1835 1476 poetis
1866 1428 2000 1476 epicis
2029 1427 2073 1465 in

250 1508 377 1545 textu
417 1501 577 1541 tradito
618 1499 689 1537 hic
728 1497 820 1536 illic
860 1497 1126 1544 tribuuntur,
1169 1495 1436 1535 dissolvendi
1467 1497 1557 1534 sint
1586 1496 1831 1542 ubicunque
1862 1495 1904 1533 id
1936 1494 2077 1543 possit

249 1573 344 1612 fleri
380 1569 518 1610 salvis
550 1575 758 1605 versuum
789 1564 999 1613 numeriS‚
1034 1564 1086 1602 ad
1115 1563 1366 1611 exemplum
1385 1573 1590 1602 versuum
1609 1563 1983 1610 creberrimorum,
2002 1561 2075 1600 ubi

251 1641 402 1689 poetas
449 1645 533 1675 non
582 1632 820 1672 contractis
865 1641 970 1670 usos
1016 1641 1113 1670 esse
1152 1632 1339 1669 testatur
1377 1632 1590 1677 metrum;
1624 1632 1770 1678 potest
1800 1632 1948 1668 autem
1981 1627 2072 1667 fieri

249 1707 358 1746 locis
398 1705 526 1750 longe
568 1700 784 1749 plurimis,
825 1700 868 1737 et
904 1698 1060 1737 multis
1092 1708 1225 1736 sonos
1256 1697 1504 1746 primitivos
1535 1700 1726 1736 metrum
1759 1697 1828 1736 vel
1859 1697 2073 1744 flagitatn.

250 1774 436 1814 Nomina
480 1779 590 1818 quae
631 1767 920 1813 refragantur,
967 1766 1059 1804 suis
1104 1765 1213 1804 locis
1260 1765 1585 1812 indicabuntur;
1627 1765 1846 1803 verborum
1889 1774 2071 1811 quorum

249 1842 386 1890 stirps
426 1840 469 1877 in
511 1845 665 1876 sonum
702 1846 726 1872 ᾶ
766 1834 927 1873 desinit
958 1835 1074 1872 haud
1106 1843 1269 1882 paucae
1305 1833 1471 1872 formae
1502 1833 1614 1871 solvi
1645 1835 1866 1880 nequeunt
1897 1834 1942 1871 et
1971 1841 2072 1870 non—

250 1909 397 1948 nullae
440 1904 670 1944 verborum
709 1912 895 1951 quorum
928 1902 1062 1950 stirps
1094 1902 1137 1940 in
1170 1911 1329 1940 sonum
1361 1916 1398 1950 η,
1433 1901 1509 1939 sed
1541 1900 1756 1939 eiusmodi
1785 1900 1894 1939 locis
1923 1901 2075 1947 poetae

250 1976 436 2015 flexione
477 1971 724 2011 athematica
765 1970 970 2008 videntur
1000 1970 1070 2008 usi
1100 1979 1211 2017 esse,
1243 1969 1364 2007 nulla
1393 1969 1527 2017 igitur
1558 1968 1854 2007 contractione
1885 1967 2078 2006 admissa

251 2044 415 2082 dixisse
458 2039 596 2088 δρᾶται
641 2037 713 2076 vel
754 2035 906 2087 ὅρκται,
934 2031 1132 2087 ὁρᾶμειιοσ
1163 2036 1234 2075 vel
1266 2034 1477 2086 ὁράμενοσ,
1506 2035 1708 2085 φιλέντασ,
1736 2034 1920 2085 ὤρχεντο,
1948 2033 2072 2083 πονή-

251 2097 384 2157 aava,
416 2106 580 2146 simnia
592 2112 623 2143 0.

368 2239 395 2294 ξ
427 2241 469 2283 8.
504 2243 539 2280 Α
566 2240 861 2279 contractione
888 2240 1032 2287 specie
1060 2240 1200 2286 magis
1228 2242 1271 2277 et
1297 2240 1473 2277 nomine
1490 2248 1621 2285 quam
1639 2248 1685 2276 re
1702 2237 1845 2276 differt
1862 2237 2069 2286 syvnizesis,

250 2322 360 2360 quae
406 2310 465 2348 ibi
505 2307 555 2347 fit
594 2307 667 2345 ubi
709 2306 873 2345 vocalis
913 2320 928 2344 ε
971 2306 1239 2345 coniunctim
1279 2316 1377 2345 cum
1411 2305 1551 2344 vocali
1584 2305 1789 2353 contigua
1819 2305 1936 2343 intra
1966 2303 2075 2343 fines

250 2379 380 2418 unius
405 2376 599 2425 syllabae
625 2375 782 2421 longae
809 2374 990 2422 cogitur.
1018 2374 1153 2412 Metro
1185 2376 1367 2421 urgente
1395 2373 1456 2412 sic
1482 2373 1678 2422 prolatae
1704 2374 1808 2411 sunt
1836 2371 2006 2411 vocales
2023 2386 2071 2409 εω

250 2446 544 2495 genitivorum
576 2438 772 2490 ἀλσέωνΡ,
803 2438 1022 2490 ἐριθηλέων
1035 2448 1066 2486 q,
1095 2438 1267 2490 κερόἐωι
1280 2452 1309 2490 r,
1333 2439 1526 2479 πελεκέων
1538 2448 1566 2489 ⁸,
1591 2438 1796 2490 rsvxe'mvt.
1823 2439 1934 2488 Alia,
1961 2449 2071 2487 quae

251 2520 447 2560 eiusdem
482 2518 598 2557 modi
630 2520 747 2566 sunt,
782 2520 987 2566 corrupta
1017 2519 1239 2557 videntur:
1274 2514 1490 2569 Evfspysloev
1502 2525 1536 2566 τι,
1567 2515 1749 2566 στηθέων
1762 2526 1792 2566 v,
1817 2518 2071 2567 χαλκεῶιαψ,

251 2592 481 2644 ἀστεμφὲωσ
493 2601 526 2633 ².
560 2591 828 2642 ικμερτὲωσέί,
859 2595 902 2632 et
933 2593 1103 2632 inutilis
1134 2593 1217 2632 fuit
1246 2593 1463 2642 synizeSiS
1490 2594 1609 2633 VOCiS
1635 2593 1732 2643 πυρὶ
1757 2591 1928 2631 unumst
1931 2620 1941 2640 ,
1966 2601 2068 2629 nam

340 2761 359 2779 α
381 2751 395 2786 ἓ
411 2751 485 2780 191.
611 2748 626 2778 b
649 2749 731 2785 Pag.
747 2749 799 2783 26,
815 2749 866 2783 31,
881 2749 922 2777 66
937 2757 987 2785 sq.
1117 2757 1134 2778 e
1154 2748 1170 2785 ἓ
1187 2748 1263 2777 191.
1386 2747 1410 2777 d
1428 2748 1516 2780 Ibid.
1638 2757 1654 2777 e
1675 2747 1782 2786 §289-
1907 2745 1930 2782 f
1947 2747 1977 2774 Λ
1994 2745 2069 2775 157.

249 2816 269 2843 q
294 2817 310 2840 γ
335 2804 411 2832 290.
546 2800 566 2831 k
590 2802 606 2830 δ
632 2802 708 2830 22¹7.
843 2799 854 2828 i
879 2801 894 2835 ’ζ
918 2800 970 2829 87.
1097 2800 1118 2839 j
1141 2812 1162 2836 μ
1187 2801 1262 2830 210.
1399 2800 1419 2830 k
1441 2812 1462 2839 χ
1489 2801 1564 2830 460.
1700 2799 1714 2828 l
1735 2799 1786 2828 Ab
1818 2799 1929 2828 Attico
1960 2799 2068 2832 εἴλουν,

251 2865 316 2885 non
341 2855 383 2884 ab
407 2855 525 2885 Ionico
547 2855 653 2888 εἴλευν,
678 2861 768 2882 nunc
793 2855 846 2882 est
869 2853 1170 2890 proficiscendum.
1313 2863 1340 2882 m
1364 2852 1468 2883 Levis
1490 2851 1657 2883 momenti
1681 2854 1761 2882 sunt
1783 2851 2026 2889 paragogicum
2055 2863 2071 2879 ν

251 2909 416 2938 omissum
447 2910 482 2937 et
512 2909 543 2936 ἐν
573 2915 634 2945 pro
666 2908 709 2936 ἐνί
731 2906 912 2944 scriptum,
936 2909 973 2935 ut
997 2906 1074 2935 aliis
1097 2907 1182 2935 locis
1206 2907 1395 2942 sexcentis3
1420 2906 1462 2935 de
1485 2905 1609 2935 vitiosa
1633 2906 1706 2934 forn
1725 2913 1743 2934 a
1766 2906 1867 2934 :1181
1891 2912 1995 2941 supra
2017 2906 2070 2933 est

252 2961 479 2998 disputatum.
622 2969 642 2988 n
671 2958 690 2997 ξ
716 2960 746 2997 2,
773 2961 825 2995 14,
849 2959 891 2987 al.
1033 2969 1050 2987 0
1074 2958 1093 2996 ξ
1120 2960 1193 2988 195.
1324 2969 1347 2998 p
1375 2971 1392 2988 κ
1416 2959 1491 2988 350.
1624 2967 1642 2998 q
1668 2960 1692 2986 E
1716 2958 1768 2987 90.
1902 2966 1919 2985 r
1942 2960 1967 2985 θ
1993 2957 2066 2985 164.

252 3022 267 3042 s
292 3024 306 3041 τ
333 3013 395 3042 578
419 3024 442 3051 φ
467 3013 542 3042 421.
681 3013 692 3041 t
716 3014 731 3040 λ
757 3012 833 3041 554.
968 3021 988 3040 u
1011 3011 1027 3040 δ
1055 3012 1119 3041 695
1143 3024 1165 3050 χ
1192 3013 1267 3048 319,
1290 3012 1564 3051 leg-lz'jfepxzdn.
1694 3009 2068 3046 υΚ95,108.στη’θεοσ.

385 3075 410 3093 w
449 3068 472 3091 ,9
508 3065 583 3099 279,
615 3066 668 3104 ’βῆ
702 3064 733 3102 ῤ’
767 3064 840 3099 ὶ’μιν“
876 3065 921 3092 εἰσ
946 3066 1117 3101 χαλκεῶνα,
1143 3064 1207 3101 leg.
1226 3065 1280 3103 ’,τῆ
1304 3064 1335 3102 ῤ’
1365 3065 1410 3093 εἰσ
1433 3066 1613 3101 χαλκειῶνα.
1747 3072 1768 3091 ,τ
1791 3062 1876 3098 Leg.
1899 3061 2068 3100 ἀστεμφέα,

254 3117 272 3156 ξ
298 3118 372 3147 319.
502 3127 523 3156 js
547 3117 630 3154 Leg.
655 3117 813 3155 νημερτέα.
838 3115 856 3154 ἓ
882 3116 957 3145 319.
1092 3127 1108 3145 ε
1135 3121 1161 3146 Θ
1185 3117 1247 3146 217
1274 3117 1317 3145 ai.
