2234 3443
134 197 157 242 ἓ
190 195 262 240 40]
892 205 945 232 DE
978 203 1195 232 consoms.
1869 193 1950 231 123

132 328 246 357 nunc
288 320 391 357 sunt
432 318 693 367 legentibus,
738 321 780 358 et
821 319 999 357 omnino
1042 318 1171 356 dictio
1215 317 1335 366 epica
1367 338 1418 342 —
1455 319 1503 355 ut
1535 317 1827 364 quorumlibet
1859 327 1953 365 poe-

131 386 280 424 tarum
337 408 374 413 —
429 386 625 424 tenacior
672 388 767 424 erat
807 386 1049 434 priscorum
1092 385 1325 423 verborum
1365 386 1408 423 et
1439 394 1646 423 sonorum
1680 394 1811 431 quam
1845 384 1956 422 solet

132 461 229 490 esse
259 452 408 500 lingua
439 452 656 500 vulgaris;
690 453 765 492 sed
799 453 987 491 multum
1020 452 1171 491 aberat
1202 454 1250 490 ut
1282 453 1406 490 vates
1438 451 1501 489 illi
1527 451 1682 498 quovis
1709 451 1799 490 fere
1826 461 1955 489 versu

131 520 334 567 portenta
379 521 422 557 et
468 520 718 568 aenigmata
762 521 1044 568 loquerentur
1090 530 1279 558 sonosve
1323 529 1347 558 a
1390 519 1483 557 vita
1525 519 1748 557 communi
1791 518 1956 557 alienos

132 585 387 635 proferrent.
416 586 527 625 Dum
558 587 697 627 doctis
723 588 995 635 indoctisque
1024 609 1075 615 —
1104 587 1173 625 his
1200 587 1484 635 praesertim!
1505 588 1754 633 —canunt‚
1775 595 1954 624 suorum

133 653 409 702 popularium
441 653 592 702 lingua
625 657 729 693 sunt
762 655 842 693 usi.

247 720 297 759 In
329 721 528 761 versibus
560 724 748 770 tantum,
782 731 867 760 non
900 722 943 760 in
971 722 1157 760 dictione
1185 721 1404 769 familiari,
1440 731 1575 759 sonus
1601 735 1630 772 f
1658 721 1798 768 poetis
1825 720 1957 768 epicis

130 789 367 836 usurpatus
413 799 510 829 esse
559 789 674 829 credi
723 791 886 838 posset,
940 790 977 827 si
1022 798 1109 827 non
1155 789 1240 826 nisi
1286 789 1329 826 in
1372 788 1522 836 paucis
1564 787 1744 826 vocibus
1780 797 1805 825 a
1838 786 1958 835 vulgi

130 853 280 902 lingua
326 855 482 895 alienis
522 856 709 904 vestigia
751 855 879 894 huius
921 855 1131 904 spirantis
1174 858 1444 904 apparerent,
1479 865 1547 893 ex,
1580 866 1641 902 gr.
1675 856 1717 893 in
1751 855 1957 903 epithetis

129 920 371 973 fenussdioo‘,
407 923 643 975 feunanum,
687 923 922 974 similibus,
972 922 1041 961 vel
1087 923 1131 961 in
1179 923 1310 961 certis
1353 921 1646 961 locutionibus
1689 922 1958 970 propriisque

131 988 393 1035 nominibuS,
436 1000 546 1038 quae
583 989 754 1029 fabulae
787 990 1082 1038 praebuerunt
1117 990 1467 1038 antiquissimae,
1503 990 1647 1038 qualia
1677 991 1780 1027 sunt
1812 987 1960 1032 Ρΐλιοσ,

131 1055 305 1105 Γεκάβκ,
351 1057 477 1106 Elpis,
522 1055 705 1107 Γέφιτοσ,
748 1058 926 1096 Γοινεύσ.
970 1058 1051 1096 Sed
1084 1058 1291 1105 quoniam
1325 1058 1411 1095 alia
1441 1058 1589 1096 omnia
1620 1059 1842 1095 testantur
1871 1066 1958 1095 car·

130 1122 253 1161 mina
294 1124 426 1172 epica‚
472 1147 524 1152 —
569 1125 690 1173 viget
731 1126 847 1164 enim
891 1125 1115 1172 digamma
1158 1125 1199 1162 in
1234 1124 1388 1162 multis
1421 1124 1600 1163 vocibus
1633 1123 1789 1172 quibus
1830 1134 1959 1162 nemo

130 1199 216 1229 non
253 1190 392 1229 utitur
423 1193 634 1240 quotidie:
667 1191 812 1244 pioni,
836 1194 993 1244 foZn06‚
1019 1194 1177 1243 f⁰f²³⁰⁶a
1202 1193 1453 1244 fsixoot‚fs‚
1478 1192 1570 1244 pio,
1599 1191 1762 1244 ffipyov,
1791 1194 1962 1243 franssa),

129 1256 278 1308 fuisti),
317 1258 416 1297 aliis
456 1261 650 1308 centum,
695 1281 745 1286 —
781 1259 978 1307 cogimur
1019 1260 1061 1297 et
1091 1259 1297 1308 pellimur
1328 1260 1371 1297 in
1404 1269 1501 1297 eam
1534 1259 1815 1307 sententiam,
1850 1269 1959 1306 quae

131 1333 263 1373 supra
305 1327 374 1364 est
405 1336 629 1379 expressa,
662 1329 711 1365 ut
742 1336 980 1365 consonam
1012 1341 1042 1378 f
1074 1327 1118 1364 in
1149 1327 1243 1374 ipsa
1275 1326 1438 1375 lingua,
1473 1336 1558 1374 qua
1589 1328 1744 1374 poetae
1778 1326 1887 1374 epici
1919 1328 1961 1364 et

131 1401 280 1430 eorum
314 1393 542 1441 populares
573 1393 821 1441 utebantur,
857 1394 1023 1432 vixisse
1053 1395 1318 1432 statuamus.

250 1457 495 1498 Vernacula
526 1462 673 1499 autem
706 1463 936 1509 poetarum
964 1461 1114 1508 lingua
1140 1462 1177 1499 si
1205 1471 1311 1499 sono
1338 1476 1365 1512 f
1395 1461 1623 1509 caruisset,
1653 1461 1753 1508 quid
1781 1462 1959 1500 tandem

132 1535 385 1574 permovere
424 1537 497 1566 eos
537 1529 709 1576 poterat
745 1530 791 1566 ut
825 1529 1115 1566 intermortuo
1147 1528 1220 1567 illo
1258 1538 1365 1567 sono
1397 1529 1440 1566 in
1474 1528 1742 1568 carminibus
1775 1530 1958 1568 resusci-

131 1594 224 1632 tato
254 1596 402 1645 fosvoc
434 1595 504 1633 vel
534 1608 584 1647 fs
616 1595 811 1634 dicerent
837 1596 981 1644 potius
1010 1605 1140 1642 quam
1169 1591 1281 1633 οἶνοσ
1307 1597 1350 1634 et
1368 1593 1414 1634 5?
1433 1596 1631 1634 Minusne
1650 1596 1756 1635 haec
1774 1602 1961 1635 venusta

134 1662 340 1701 minusve
373 1664 478 1711 apta
507 1663 710 1702 versibus
742 1664 960 1702 heroicis?

250 1729 355 1768 Plus
396 1730 596 1769 dicimus.
634 1730 795 1769 Poetae
827 1731 1004 1779 vetusti,
1038 1741 1223 1778 quorum
1257 1740 1342 1769 non
1375 1731 1457 1769 fuit
1488 1731 1529 1769 id
1563 1732 1673 1779 quod
1706 1732 1960 1779 grammati-

134 1805 283 1835 corum
312 1799 381 1835 est
412 1797 734 1846 hodiernorum,
765 1798 891 1837 initia
917 1798 1093 1846 linguae
1121 1798 1310 1837 Graecae
1335 1800 1521 1837 scrutari
1539 1801 1697 1837 etcum
1717 1799 1959 1837 vicinarum

133 1863 330 1912 gentium
362 1864 526 1913 linguis
558 1875 823 1914 comparare,
858 1866 970 1904 scire
1003 1876 1058 1904 ne
1091 1867 1294 1914 poterant
1327 1866 1500 1913 quidem
1535 1867 1630 1904 voci
1662 1868 1777 1906 oinos
1808 1866 1962 1905 aliisve

133 1930 236 1969 olim
269 1932 564 1978 praemissum
596 1932 732 1971 fuisse
763 1942 923 1971 sonum
951 1943 1002 1980 w,
1025 1933 1062 1970 si
1089 1933 1195 1971 haec
1220 1933 1394 1980 spirans
1421 1934 1522 1971 ante
1547 1933 1741 1982 ipsorum
1769 1936 1959 1973 aetatem

133 1998 366 2038 obmutuit.
400 2000 552 2048 Itaque
583 2000 769 2038 facetius
801 2010 931 2047 quam
964 2000 1126 2038 rectius
1160 2002 1227 2039 est
1253 2000 1444 2038 dictum:
1475 2001 1727 2049 „digamma
1752 2001 1795 2039 in
1812 2001 1962 2048 lingua

137 2065 345 2115 „Homeri
386 2077 472 2106 non
513 2077 667 2106 verum
711 2077 808 2106 esse
851 2077 1023 2116 sonum,
1063 2067 1138 2106 sed
1171 2068 1267 2105 soni
1301 2068 1518 2116 umbram,
1555 2069 1681 2107 sedes
1713 2079 1821 2116 quas
1854 2069 1958 2107 olim

137 2133 304 2181 „tenuit
336 2136 435 2182 post
467 2137 655 2173 mortem
688 2144 1019 2183 nonnumquam
1052 2135 1345 2173 visentem'’a.
1375 2135 1518 2174 Immo
1546 2137 1729 2183 vegetus
1746 2138 1790 2174 et
1806 2135 1961 2174 floren-

133 2200 336 2239 tissimus
361 2202 557 2251 tempore
584 2202 764 2241 Homeri
797 2203 880 2241 fuit
910 2202 983 2241 ille
1016 2212 1165 2251 sonus,
1199 2213 1339 2250 neque
1373 2204 1440 2241 est
1470 2202 1760 2241 dubitandum
1788 2204 1890 2251 quin
1917 2204 1960 2241 in

136 2269 289 2315 poetae
330 2269 472 2317 patria
513 2270 683 2318 pueruli
714 2281 790 2324 per
822 2270 992 2318 plateas
1024 2270 1227 2309 ludentes
1250 2270 1435 2321 ιροὶνοικτοι
1466 2280 1594 2309 suum
1629 2270 1712 2309 sibi
1739 2271 1963 2319 elegerint,

135 2335 336 2374 sitientes
374 2336 576 2376 homines
614 2339 760 2389 fulvos}
802 2338 1093 2386 poposcerint,
1135 2337 1250 2376 tardi
1292 2339 1340 2376 ut
1377 2338 1547 2390 foiuads
1578 2339 1768 2377 redirent
1800 2339 1962 2377 fuerint

140 2402 403 2450 compellati.

259 2468 418 2518 Quodsi
458 2471 631 2520 placeat
672 2475 820 2512 tamen
859 2483 910 2511 ea
941 2483 1070 2520 quam
1105 2473 1235 2511 modo
1267 2473 1499 2511 reiecimus
1545 2473 1703 2522 opinio,
1737 2474 1845 2522 ipsis
1878 2483 1965 2512 car-

138 2536 331 2575 minibus
374 2538 520 2578 damni
563 2540 639 2578 vix
679 2541 912 2588 quicquam
946 2540 1045 2578 inde
1077 2540 1273 2578 instabit.
1307 2540 1718 2579 Perniciosissimus
1750 2551 1852 2580 vero
1884 2538 1964 2579 fuit

139 2613 258 2643 error
290 2614 440 2644 eorum
473 2606 546 2653 qui
577 2608 898 2646 contenderunt
929 2617 1087 2646 sonum
1119 2622 1149 2658 f
1181 2617 1320 2654 neque
1352 2608 1396 2646 in
1428 2608 1523 2655 ipsa
1553 2608 1704 2657 lingua
1736 2612 1963 2658 poetarum

139 2671 359 2719 epicorum
402 2673 568 2712 vixisse
601 2684 739 2721 neque
771 2675 815 2713 in
849 2675 1046 2713 carmina
1078 2676 1129 2712 ab
1164 2674 1218 2712 iis
1251 2684 1349 2714 esse
1381 2678 1620 2724 receptum,
1655 2678 1853 2714 attamen
1887 2686 1962 2714 eas

137 2748 267 2777 voces
309 2741 555 2779 carminum
598 2744 891 2791 vetustorum,
934 2742 978 2780 in
1015 2741 1171 2789 quibus
1203 2743 1353 2790 agnita
1383 2746 1487 2781 sunt
1519 2743 1614 2782 soni
1644 2759 1674 2794 ,c
1706 2744 1905 2792 vestigia,
1937 2753 1962 2781 a

139 2805 283 2854 poetis
338 2806 402 2845 ita
453 2817 549 2847 esse
596 2809 770 2847 habitas
817 2812 865 2847 ut
911 2810 949 2847 si
990 2810 1125 2848 etiam
1169 2810 1381 2849 intactam
1424 2812 1676 2849 servassent
1722 2820 1961 2849 consonam

140 2871 263 2910 illam
290 2873 630 2914 intermortuam
645 2873 674 2915 b.
705 2876 821 2925 Quae
854 2876 998 2925 opinio
1025 2886 1073 2915 eo
1101 2877 1242 2916 tendit
1268 2879 1316 2916 ut
1334 2877 1438 2916 Ilias
1456 2879 1498 2916 et
1518 2877 1714 2925 Odyssea
1731 2878 1963 2916 credantur

176 3034 179 3038 .
227 3007 247 3026 a
282 2997 371 3028 Jebb
396 2999 430 3027 in
453 2998 521 3027 vita
547 2997 690 3028 Bentlei.
716 2997 837 3028 Simile
860 2998 1043 3029 dicterium
1068 3000 1263 3030 Hoffmanni
1287 3009 1393 3038 supra
1417 3009 1494 3038 pag.
1523 3000 1615 3030 1025
1640 3002 1693 3030 est
1717 3009 1962 3030 commemora-

141 3049 226 3078 tum.
380 3049 395 3079 b
422 3051 506 3086 „Die
530 3050 695 3089 epischen
719 3052 888 3089 Gesange‚
913 3051 1018 3081 deren
1043 3052 1325 3083 abschliessende
1348 3053 1540 3083 Redaktion
1564 3054 1597 3082 in
1623 3061 1765 3082 unserer
1787 3053 1871 3083 Ilias
1893 3053 1964 3082 und

146 3100 318 3139 „odyssea
342 3103 500 3140 vorliegt,
523 3103 599 3132 sind
622 3104 655 3132 in
681 3105 778 3133 einer
801 3104 964 3134 Mundart
988 3104 1177 3142 gedichtet,
1201 3106 1256 3135 die
1280 3106 1346 3135 den
1370 3106 1459 3135 Laut
1483 3105 1543 3134 des
1566 3117 1590 3143 f
1610 3105 1705 3135 nicht
1722 3106 1819 3135 mehr
1832 3106 1962 3135 besaSS.

148 3152 232 3187 „Die
264 3155 393 3193 Siinger
425 3155 535 3185 selbst
565 3158 716 3186 wussten
749 3157 845 3186 nicht
874 3157 982 3192 mehr,
1007 3166 1135 3187 warum
1160 3157 1210 3187 sie
1235 3158 1297 3187 ἀπὸ
1323 3160 1363 3192 ἕο,
1387 3158 1466 3195 μέγα
1492 3159 1599 3196 ἰάχων,
1623 3157 1712 3192 τόξον
1736 3155 1805 3188 οἶδα
1830 3161 1963 3196 sagten,
