2234 3443
109 191 132 236 ἓ
168 189 263 236 128,
301 189 398 234 129]
697 197 752 225 DE
782 196 1023 227 N0M1N1Bus
1055 195 1341 224 VERBALIBUS.
1844 185 1932 224 255

226 308 356 350 οὐκέτι
387 309 520 359 φυκτὰ
551 310 782 361 minutam,
813 307 928 360 φύκτ’
950 309 1134 349 ε’πέλοντο
1150 308 1179 360 b,
1209 308 1263 360 μὴ
1282 340 1290 348 .
1309 339 1341 348 ..
1361 308 1493 348 οὐκέτι
1525 309 1658 359 φυκτὰ
1689 308 1886 348 πέλωνται
1900 316 1933 358 0,

286 377 331 416 in
361 376 517 426 quibus
550 378 695 418 verbis
722 377 853 427 φυκτὰ
884 376 1078 416 πέλεσθαι
1110 377 1153 416 id
1185 377 1304 416 valet
1335 377 1447 425 quod
1478 372 1579 428 fuqi
1605 387 1743 428 posse.

233 441 364 482 οὐκέτι
393 443 513 482 πιστὰ
543 444 706 496 γυναιξί
715 438 737 468 d
766 455 847 483 non
881 443 967 483 iam
996 441 1121 495 fidem
1153 440 1249 482 licet
1281 440 1430 481 habere
1461 441 1721 482 mulieribus.

223 511 344 549 πάλιν
390 510 474 550 nv&
519 511 648 565 ιχῑέργοι
692 510 922 563 γενέσθαιθ,
970 509 1107 549 ἄντιτα
1155 508 1283 563 ι[ῑέργαι
1327 508 1524 562 γένοιτοῗ,
1569 511 1643 550 ubi
1686 509 1768 548 τιτὰ
1809 507 1933 562 ρὲργα·

281 578 479 617 ultionem
510 579 604 618 sive
635 579 804 618 ultionis
826 579 1069 627 facultatem
1100 578 1235 617 valet.

225 643 299 683 οὐκ
330 643 457 691 ἐξιτόν
489 643 598 683 {suff
629 656 714 684 riori
745 647 800 684 est
831 646 963 684 exitus
995 646 1089 684 sive
1121 645 1232 683 exire
1261 655 1347 683 rion
1379 643 1482 684 licet.

223 712 388 751 Similis
414 713 632 761 participii
658 711 930 761 τετελεσμένοσ
952 714 1021 751 est
1046 712 1112 750 vis
1139 712 1182 750 in
1209 711 1428 751 locutione
1451 711 1484 749 εἰ
1509 709 1781 761 τετελεσμένον
1808 707 1935 757 getth.

106 779 142 818 si
180 781 326 818 ratum
364 782 419 818 est
450 780 568 820 sive:
610 781 646 819 si
680 782 808 829 potest
848 780 964 828 effici,
1007 779 1051 817 in
1092 789 1178 826 qua
1219 776 1492 827 τετελεσμένοσ
1518 779 1635 818 idem
1666 778 1784 818 valet
1818 777 1930 825 quod

105 843 316 885 τελεστόσί.
359 846 413 885 Et
454 847 543 885 alia
581 847 761 886 nomina
797 856 823 885 a
848 847 990 896 poetis
1022 846 1162 885 semel
1196 848 1239 885 et
1272 846 1434 885 iterum
1467 846 1529 884 sic
1561 847 1666 884 sunt
1696 847 1933 894 usurpata:

223 912 402 962 φύξιμον
434 908 538 952 εἶναι
551 910 645 950 j=
664 911 902 964 καταφυγὴν
934 908 1037 952 εἶναι
1069 913 1315 962 confuyium
1347 923 1441 952 8388.

224 977 296 1030 οὐχ
327 977 420 1018 ἕδοσ
451 977 562 1019 §erik
594 990 678 1019 non
704 981 793 1019 iam
825 981 1005 1020 desidiae
1035 983 1090 1019 est
1121 981 1289 1029 occasio,
1323 981 1504 1019 desidere
1535 990 1620 1019 non
1651 980 1739 1019 iam
1772 980 1873 1018 licet.

224 1045 309 1085 τότε
350 1045 400 1096 δὴ
443 1046 599 1097 σκάφοσ
631 1046 762 1086 οὐκέτι
791 1045 995 1100 ,ροινὲωνῐ
1029 1050 1128 1085 tunc
1155 1047 1296 1086 vineas
1321 1047 1510 1095 fodiendi
1540 1058 1625 1086 non
1656 1047 1840 1096 amplius
1878 1048 1933 1085 est

286 1116 460 1162 tempus.

224 1181 372 1220 Etiam
410 1181 655 1220 locutiones
697 1180 746 1220 οὐ
790 1178 949 1230 νέμεσισ
962 1188 1004 1230 m,
1045 1179 1116 1231 οὐχ
1146 1178 1280 1229 (Setun,
1311 1177 1425 1232 ὀλίγη
1444 1211 1450 1218 .
1469 1211 1476 1218 .
1497 1211 1504 1218 .
1536 1179 1786 1219 ἀνάπνευσισ
1819 1178 1936 1219 πολέ-

108 1254 229 1296 μοιοθ
259 1247 313 1286 ad
346 1248 662 1287 adieetivorum
695 1248 941 1288 verbalium
973 1258 1103 1287 usum
1136 1249 1313 1297 propius
1344 1249 1570 1288 accedunt.

224 1373 289 1412 Ex
320 1374 476 1413 suffixo
507 1373 596 1412 -τόσ
626 1375 847 1423 procrevit
878 1374 1086 1413 suffixum
1117 1373 1235 1413 -τέοσ,
1270 1374 1388 1423 Quod
1417 1375 1470 1414 ab
1498 1375 1618 1424 epica
1644 1374 1794 1422 lingua
1820 1373 1934 1412 haud

109 1441 301 1480 alienum
345 1441 482 1480 fuisse
523 1443 745 1481 testantur
787 1441 952 1493 βρότεοσ
986 1452 1011 1481 a
1042 1443 1187 1493 βροτόσ
1219 1443 1432 1481 ductumfl
1466 1444 1509 1482 et
1540 1442 1640 1494 alia,
1672 1434 1934 1490 praesertim

108 1511 258 1548 autem
290 1506 398 1547 ἐτεόσ
430 1519 456 1548 a
487 1509 619 1548 verbo
652 1508 772 1558 εἰμίφ.
805 1509 866 1548 Ea
892 1511 1041 1548 tamen
1074 1510 1154 1557 vis,
1184 1519 1294 1558 quae
1320 1512 1474 1558 postea
1504 1509 1586 1548 fuit
1617 1509 1934 1548 adiectivorum

107 1576 151 1614 in
192 1573 300 1613 -τέοσ
343 1575 652 1625 desinentium,
689 1576 732 1615 id
774 1576 886 1624 quod
927 1575 1021 1615 fieri
1063 1579 1243 1625 oporteat
1284 1577 1494 1625 indicans,
1527 1587 1596 1615 eX.
1630 1587 1692 1624 gr.
1727 1573 1936 1614 διδακτέοσ

107 1642 326 1692 docendus,
374 1652 513 1691 neque
554 1643 771 1682 adiectivo
814 1641 921 1682 ἐτεόσ
962 1643 1045 1682 fuit
1085 1644 1260 1692 propria
1301 1654 1440 1691 neque
1481 1644 1525 1682 in
1567 1643 1666 1682 aliis
1707 1643 1937 1682 adiectivis

108 1710 220 1758 apud
253 1709 496 1749 Homerum
529 1709 796 1758 agnoscitur.

224 1777 351 1825 Apud
383 1776 625 1816 Hesiodum
658 1777 838 1817 demum
870 1777 1087 1816 eiusmodi
1115 1778 1216 1826 quid
1244 1778 1483 1826 invenitur,
1514 1778 1582 1817 cui
1611 1774 1659 1816 οὔ
1686 1792 1721 1815 τι
1739 1777 1936 1826 φατειόσν

106 1843 189 1882 fuit
218 1844 451 1893 ineffabilis,
482 1844 705 1892 nefandus.
727 1844 827 1883 Mox
844 1845 1141 1893 diphthongus
1168 1858 1239 1882 -ει-
1263 1845 1473 1893 decrevit,
1497 1847 1540 1884 et
1558 1845 1931 1892 quemadmodum

105 1911 288 1960 χρύσειοσ
319 1911 486 1950 fac-tum
518 1911 585 1949 est
614 1910 780 1961 χρύσεοσ
793 1918 821 1959 ⁸,
853 1911 915 1950 sic
941 1911 1184 1950 verbalium
1211 1912 1255 1950 in
1286 1922 1411 1950 -τειοσ
1437 1912 1734 1950 desinentium
1763 1911 1934 1959 syllaba

106 1978 378 2027 paenultima
417 1977 535 2017 facta
576 1979 644 2016 est
684 1992 772 2016 -τε-.
814 1977 937 2017 Talia
977 1977 1182 2026 leguntur
1214 1979 1327 2028 apud
1370 1978 1634 2018 Pindarumt
1677 1980 1721 2018 et
1764 1979 1934 2028 passim

109 2046 222 2094 apud
254 2047 468 2095 posteros.

556 2414 648 2454 111.
677 2415 750 2454 De
778 2415 1121 2454 substantivis
1150 2415 1467 2454 verbalibus.

228 2549 253 2601 ,S
285 2550 382 2593 129.
432 2550 796 2592 Substantivorum
841 2553 1072 2592 verbalium
1105 2563 1267 2602 magna
1312 2554 1356 2592 in
1400 2554 1591 2593 dictione
1633 2555 1803 2603 poetica
1837 2557 1931 2593 erat

111 2619 392 2659 abundantia.

229 2686 417 2726 Nomina
454 2686 498 2725 in
534 2701 630 2737 -τωρ
669 2687 924 2737 desinentia,
968 2697 1153 2735 quorum
1186 2698 1324 2727 unum
1356 2686 1486 2740 ῥήτωρ
1519 2689 1672 2737 postea
1702 2689 1933 2736 superstes

199 2876 219 2895 a
241 2865 257 2900 Ξ
280 2867 357 2896 489.
537 2864 552 2893 b
579 2868 603 2893 θ
629 2865 706 2894 299.
907 2874 923 2894 c
946 2869 980 2894 Π
1003 2867 1078 2896 128.
1267 2865 1290 2896 d
1312 2869 1327 2895 λ
1353 2866 1430 2897 456.
1631 2875 1647 2895 e
1672 2877 1692 2895 α
1717 2866 1781 2896 879
1807 2869 1827 2905 β
1855 2867 1931 2896 144.

241 2917 265 2955 f
282 2918 314 2948 Ω
342 2918 405 2948 213
433 2929 450 2958 ρ
471 2917 525 2953 51,
550 2918 602 2946 60.
733 2926 755 2955 9
779 2916 861 2947 Hes.
888 2915 1017 2955 Theog.
1044 2919 1120 2949 732.
1267 2917 1286 2947 Ιι
1309 2919 1345 2949 Ξ
1368 2919 1429 2948 196
1454 2921 1480 2947 Σ
1501 2918 1565 2948 427
1591 2931 1604 2947 ε
1629 2919 1683 2948 90.
1819 2917 1830 2947 z'
1855 2918 1932 2948 Adi.

110 2972 254 2999 τελεστόσ
275 2978 344 3000 non
366 2970 432 3000 nisi
458 2970 493 2999 in
512 2977 642 3007 eomp.:
662 2969 935 3008 ἀ-,ὀψιτέλεστοσ.
1060 2970 1082 3009 j
1105 2983 1117 3000 ε
1140 2971 1216 3001 359.
1353 2970 1373 3000 lc
1397 2973 1425 2999 A
1454 2971 1518 3000 648
1546 2974 1579 3000 Ψ
1600 2971 1674 3000 205.
1811 2970 1824 3000 l
1846 2971 1928 3000 Hes.

112 3021 212 3059 Oper.
236 3022 317 3058 572;
342 3020 546 3052 recentioris
571 3021 731 3051 dictionis
756 3023 809 3051 est
831 3020 914 3057 σέων,
936 3023 952 3060 ξ
978 3024 1030 3053 56.
1232 3033 1261 3053 m
1286 3026 1316 3053 Γ
1338 3024 1412 3053 156.
1623 3032 1642 3051 n
1668 3032 1691 3051 π
1718 3023 1780 3052 423
1806 3034 1829 3062 χ
1854 3024 1933 3053 412.

244 3089 262 3110 0
282 3084 312 3112 A
337 3083 398 3113 801
426 3086 458 3112 Π
481 3083 534 3112 43.
690 3092 711 3121 ρ
736 3081 818 3120 Pag.
845 3063 908 3112 ἶῆο
922 3093 959 3112 w.
1129 3093 1146 3123 q
1172 3083 1188 3121 ς
1214 3085 1290 3114 302.
1454 3094 1471 3113 r
1494 3084 1574 3114 Hes.
1600 3084 1728 3122 Theog.
1754 3084 1820 3115 310
1843 3083 1935 3123 clip„

114 3134 189 3170 144,
213 3135 288 3164 161.
432 3144 447 3164 ,ς
472 3135 554 3172 Pag.
581 3134 680 3165 1701.
828 3136 840 3165 t
863 3134 960 3165 Pind.
987 3135 1037 3165 οι.
1063 3135 1097 3165 11
1123 3137 1152 3165 e.
