2234 3443
988 117 1245 147 PRAEFATlo.
1994 106 2018 143 5

205 245 358 284 parum
390 235 580 282 liqueta3
612 235 655 273 id
686 236 835 273 tamen
869 235 1061 282 apparet,
1089 231 1251 280 placita
1281 231 1498 280 pleraque,
1525 230 1711 269 fortasse
1737 230 1898 277 omnia,
1916 238 2024 276 quae

206 302 259 341 de
301 302 480 341 Homeri
521 302 624 340 urbe
666 301 803 340 natali
843 300 944 339 olim
979 301 1081 338 sunt
1110 298 1292 347 prolata,
1326 308 1348 336 e
1381 298 1513 336 certis
1542 297 1799 345 quibusdam
1831 297 2023 344 ipsorum

205 369 450 408 carminum
483 369 705 417 epicorum
733 368 842 407 locis
870 367 1084 415 originem
1112 366 1280 415 cepisse
1297 362 1326 403 b.
1358 365 1529 403 Athenis
1554 366 1701 403 autem
1730 374 1826 401 cum
1855 363 2025 401 litterae

207 436 397 476 Graecae
430 438 522 475 tam
554 436 672 475 laete
701 435 987 474 effloruerunt
1021 436 1068 472 ut
1094 433 1152 471 ibi
1177 434 1306 471 natae
1333 442 1431 471 esse
1456 431 1720 479 viderentur,
1745 432 1837 479 ipse
1860 439 2027 477 quoque

205 513 387 552 poeseos
418 504 539 552 pater
570 503 671 542 inde
703 503 911 542 oriundus
943 503 1012 541 est
1038 502 1175 549 visus,
1205 502 1248 538 et
1274 501 1427 548 postea
1443 500 1507 537 sic
1524 499 1680 538 statuit
1699 498 1982 536 Aristarchus
1997 503 2024 534 ⁰.

325 638 407 678 Sed
439 639 606 677 sensim
634 639 677 676 et
703 637 972 686 pedetentim
1001 637 1044 674 in
1072 636 1268 674 virorum
1296 635 1521 673 doctorum
1539 634 1711 671 mentes
1728 643 1774 671 se
1791 632 2031 670 insinuavit

204 706 408 755 suspicio,
452 705 696 754 odysseam
737 715 822 743 non
865 704 1063 743 eiusdem
1107 704 1236 750 atque
1277 701 1458 740 Iliadem
1494 701 1645 748 poetae
1677 710 1774 738 esse
1805 710 1926 748 opus.
1959 699 2027 738 Sic

205 773 328 812 Xeno
374 776 418 812 et
465 773 718 812 Hellanicus
764 771 1047 820 grammatici
1089 771 1342 808 statuerunt
1377 768 1567 807 secundo
1598 768 1698 806 ante
1730 767 1953 806 Christum
1984 777 2025 806 n.

205 840 394 889 saeculo,
437 840 668 890 χωρίζοντεσ
706 839 801 878 ideo
838 840 881 877 in
913 838 1076 878 scholis
1108 837 1229 876 dicti.
1261 836 1361 875 Mox
1392 845 1494 874 vero
1526 836 1700 884 repulsa
1730 835 1837 873 haec
1868 835 2029 873 coniec-

204 906 343 947 turad
373 918 447 956 per
479 907 622 946 multa
653 907 831 947 saecula
862 906 1000 945 veluti
1028 905 1202 954 sepulta
1228 904 1374 953 iacuit,
1403 905 1465 942 ita
1490 904 1538 942 ut
1563 901 1834 951 ἀναμφίλεκτα
1852 902 2031 941 Homeri

205 986 332 1025 opera
377 977 523 1014 vocari
565 976 705 1014 denuo
746 974 973 1023 potuerint
1013 973 1117 1012 Ilias
1148 974 1192 1011 et
1224 971 1420 1019 Odyssea
1435 978 1462 1009 e.
1496 971 1674 1009 Decimo
1706 981 1809 1009 vero
1841 971 2030 1018 septimo

203 1044 378 1082 saeculo
409 1053 601 1092 cursum,
634 1053 762 1090 quem
791 1042 957 1081 vetusti
984 1041 1048 1080 illi
1075 1040 1305 1092 χωρίζοντεσ
1331 1039 1530 1087 inierant,
1558 1038 1763 1087 repetivit
1779 1038 2031 1076 Fredericus

206 1111 390 1151 Hedelin
445 1112 580 1151 abbas
634 1110 952 1159 d'Aubignacf,
1012 1111 1056 1147 et
1100 1108 1242 1147 multo
1289 1107 1462 1155 longius
1508 1116 1637 1154 quam
1683 1105 1747 1144 illi
1792 1105 2028 1153 processit;

203 1180 403 1227 sequenti
448 1181 597 1218 autem
645 1178 820 1217 saeculo
867 1178 950 1216 duo
993 1177 1074 1215 viri
1117 1177 1232 1215 docti
1273 1184 1371 1213 eam
1410 1175 1526 1212 viam
1560 1175 1810 1222 tenuerunt,
1844 1182 2029 1220 quorum

202 1247 329 1295 prior,
363 1246 677 1286 Giambattista
706 1246 812 1284 Vico
843 1245 1205 1293 Neapoiitanuso,
1240 1243 1292 1280 ad
1326 1242 1566 1281 multorum
1599 1241 1800 1280 notitiam
1834 1250 1918 1279 non
1947 1241 2032 1278 nisi

201 1315 326 1354 tarde
359 1317 402 1353 et
432 1325 529 1354 sero
555 1315 768 1362 pervenit,
797 1313 981 1352 alterius
1009 1321 1125 1359 vero,
1152 1310 1368 1349 Frederici
1386 1310 1575 1357 Augusti
1593 1309 1720 1357 Wolf,
1741 1304 2029 1356 opushpluri-

205 1392 376 1421 morum
423 1383 578 1420 statim
626 1381 831 1419 manibus
879 1382 947 1418 est
988 1379 1142 1417 tritum
1184 1379 1227 1415 et
1267 1377 1506 1415 multorum
1550 1376 1752 1424 plausum
1796 1376 1911 1415 tulit.
1943 1375 2032 1424 Quo

203 1449 314 1488 libro
346 1449 467 1488 Wolf
490 1449 841 1488 demonstratum
875 1447 964 1484 ibat
996 1456 1135 1493 neque
1163 1444 1343 1483 Iliadem
1377 1454 1516 1491 neque
1544 1444 1784 1491 Odysseam
1810 1445 1950 1481 totam
1978 1443 2031 1481 ab

206 1527 290 1555 uno
323 1517 500 1555 homine
532 1526 629 1555 esse
666 1515 970 1563 compositam,
999 1513 1245 1560 Aubignaci
1273 1515 1316 1552 et
1341 1512 1435 1550 Vici
1461 1511 1648 1559 vestigia
1674 1520 1824 1559 presse
1855 1513 2033 1549 secutus

206 1595 443 1633 eorumque
475 1584 756 1632 potissimum
791 1582 1066 1631 argumentis
1099 1578 1246 1620 ususi.

324 1652 428 1691 Post
453 1650 659 1691 Wolfium
687 1651 866 1699 quinam
895 1650 977 1687 viri
1005 1649 1119 1687 docti
1146 1649 1190 1686 in
1220 1650 1300 1686 hac
1328 1648 1582 1696 quaestione
1599 1647 1761 1685 fuerint
1779 1646 1955 1694 versati,
1978 1668 2028 1673 —-

207 1721 251 1759 et
292 1718 489 1758 infinitus
530 1719 618 1757 fere
661 1722 729 1756 est
768 1728 918 1756 eorum
952 1717 1185 1754 numerus!
1225 1738 1275 1743 —
1310 1716 1351 1754 id
1384 1724 1587 1754 enarrare
1613 1724 1698 1752 non
1725 1716 1793 1752 est
1819 1715 2033 1753 nostrum.

207 1786 328 1826 Multi
360 1788 508 1825 autem
540 1786 790 1834 opinionem
823 1783 968 1823 Wolfii
995 1786 1100 1822 sunt
1124 1786 1330 1832 aversati,
1354 1783 1500 1831 plures
1516 1782 1756 1821 identidem
1775 1782 2036 1820 aversantur

208 1855 253 1893 et
293 1853 626 1903 aversabuntur,
660 1855 918 1892 corruerunt
948 1853 1096 1889 autem
1124 1852 1385 1899 argumenta
1417 1849 1572 1897 quibus
1604 1851 1648 1888 et
1671 1850 1764 1898 ipse
1782 1847 1965 1887 Wolfius
1992 1850 2035 1886 et

209 1922 280 1970 qui
314 1931 413 1960 cum
447 1921 523 1959 illo
555 1920 775 1959 faciebant
808 1920 937 1958 inniti
970 1929 1098 1967 posse
1132 1919 1215 1957 sibi
1243 1914 1543 1957 videbanturj.

327 1988 512 2027 Multum
544 1991 694 2026 tamen
729 1988 853 2026 abest
884 1990 931 2025 ut
958 1987 1123 2024 frustra
1146 1987 1210 2024 tot
1238 1985 1445 2033 philologi
1462 1993 1657 2032 sagaces,
1676 1983 1857 2032 strenui,
1877 1983 2035 2021 eruditi

206 2057 251 2095 in
284 2056 365 2095 hoc
402 2065 554 2104 campo
587 2066 662 2107 per
693 2054 919 2093 saeculum
953 2055 1174 2101 integrum
1208 2055 1252 2091 et
1283 2052 1395 2100 quod
1428 2052 1623 2091 excurrit
1655 2061 1702 2089 se
1734 2050 2031 2097 exercuerint;

295 2231 329 2274 a)
352 2234 578 2264 Salaminium
613 2233 701 2264 dixit
739 2233 891 2264 Callicles
929 2234 1068 2271 quidam
1107 2231 1187 2273 (Vit.
1223 2233 1290 2270 VI).
1427 2232 1442 2261 b
1466 2232 1621 2263 Welcker
1651 2232 1713 2270 Ep.
1740 2232 1832 2270 chl.
1859 2233 1920 2262 141
1947 2241 2034 2270 sqq„

207 2286 432 2324 sengebuseh
455 2287 555 2316 Hom.
578 2286 671 2316 Diss.
695 2287 740 2317 11.
875 2296 890 2316 c
913 2287 1113 2316 Aristarcho
1138 2286 1291 2316 oblocuti
1317 2287 1399 2315 sunt
1417 2284 1529 2320 multi,
1550 2285 1754 2323 adstipulari
1774 2283 1845 2315 Cob
1860 2286 2032 2322 *attenge-

208 2339 330 2376 busch,
360 2339 432 2369 alii.
465 2341 690 2378 Argumenta,
722 2340 849 2377 quibus
881 2340 1103 2369 Aristarchus
1131 2338 1330 2376 opinionem
1354 2339 1445 2368 hanc
1470 2339 1579 2368 fertur
1602 2336 1825 2372 stabilivisse,
1849 2338 2034 2368 admodum

211 2394 292 2421 sunt
325 2392 472 2428 debilia;
508 2392 570 2422 sed
604 2392 747 2422 meliora
783 2394 813 2422 ei
851 2393 884 2421 in
916 2393 1081 2431 promptu
1113 2393 1220 2421 fuisse
1252 2394 1286 2421 et
1316 2401 1335 2421 a
1361 2392 1434 2421 viro
1457 2391 1683 2428 sagacissimo
1706 2399 1781 2420 esse
1805 2391 1939 2429 prolata
1963 2389 2035 2420 veri

207 2443 346 2474 videtur
379 2445 504 2475 simile.
538 2446 620 2484 Ipsa
655 2448 749 2475 certe
785 2444 902 2483 opinio
937 2445 1029 2474 haud
1065 2444 1272 2482 spernenda.
1408 2443 1431 2473 d
1463 2444 1513 2473 Ab
1544 2443 1763 2473 Aristarcho?
1796 2443 1975 2473 Traditum
1999 2444 2033 2472 id

208 2498 418 2536 accepimus,
441 2499 503 2527 sed
527 2499 737 2528 contrarium
761 2499 961 2535 suspicatus
989 2500 1042 2526 est
1057 2497 1237 2535 Adolphus
1249 2498 1405 2527 Roemer.
1540 2495 1626 2527 eSic
1649 2495 1784 2526 Suidas.
1917 2495 2032 2533 fCon-

206 2549 360 2587 jectures
394 2550 639 2588 academiques
671 2561 715 2581 ou
748 2552 970 2582 dissertation
1004 2560 1063 2581 sur
1088 2551 1232 2581 l'Iliade.
1257 2551 1354 2587 Quod
1378 2560 1466 2589 opus
1490 2559 1578 2580 anno
1603 2550 1690 2580 1664
1715 2549 1920 2579 Academiae
1943 2551 2035 2579 Pari-

209 2603 305 2632 sinae
338 2602 494 2632 oblatum
529 2613 606 2633 cum
645 2603 705 2634 diu
735 2605 768 2633 in
800 2603 939 2634 scriniis
969 2605 1139 2639 latuisset,
1165 2612 1256 2633 anno
1282 2604 1365 2633 1715
1393 2603 1531 2633 demum
1556 2620 1597 2624 -—
1622 2601 1852 2640 quadraginta
1877 2603 2038 2632 videlicet

211 2656 309 2684 annis
343 2659 422 2693 post
456 2655 638 2694 scriptoris
672 2660 818 2687 mortem
856 2659 890 2686 et
925 2656 1054 2686 omisso
1083 2657 1186 2686 huius
1217 2657 1368 2686 nomine!
1405 2674 1443 2678 -
1469 2656 1561 2694 typis
1586 2658 1638 2686 est
1661 2664 1860 2693 expressum
1884 2658 1918 2684 et
1941 2656 2034 2685 evul-

209 2710 340 2745 gatum.
469 2719 491 2747 9
524 2709 675 2748 Principj
711 2709 745 2739 di
780 2708 925 2739 Scienza
956 2718 1075 2744 nuova,
1110 2710 1207 2744 1725,
1231 2709 1285 2738 ed.
1310 2709 1418 2738 altera
1445 2710 1541 2738 1730.
1677 2709 1696 2738 lz
1720 2708 1969 2745 Prolegomena
1992 2708 2035 2737 ad

210 2762 410 2797 Homerum,
430 2761 528 2792 1795.
662 2762 676 2792 i
697 2762 770 2798 Quo
794 2761 906 2799 magis
931 2761 1118 2800 displicent
1141 2771 1230 2798 quae
1250 2762 1292 2791 de
1312 2761 1504 2799 Aubignaci
1519 2760 1609 2791 libro
1623 2761 1759 2790 scribit:
1785 2761 1938 2797 „somnia
1958 2769 2034 2790 esse

209 2815 244 2842 et
263 2813 505 2850 deliramenta,
529 2816 564 2844 et
588 2813 773 2852 aliquoties
796 2816 993 2852 perlectum
1017 2813 1146 2844 librum
1174 2815 1241 2853 ipsi
1264 2813 1331 2844 sibi
1362 2814 1514 2844 taedium
1539 2813 1711 2852 opinionis
1735 2822 1816 2842 suae
1841 2811 2034 2850 attulisse'',

208 2867 283 2901 113,
307 2866 360 2895 84.
484 2865 505 2905 j
529 2867 742 2897 Volckmann
758 2866 969 2896 Geschichte
990 2867 1062 2896 und
1083 2867 1194 2896 Kritik
1208 2867 1269 2897 der
1282 2867 1480 2897 Wolfschen
1493 2867 1757 2902 Prolegomena,
1769 2866 1914 2904 Leipzig
1932 2862 2034 2903 18743

207 2919 228 2948 J
250 2918 297 2947 bb
332 2918 469 2953 Homer,
508 2919 667 2957 Glasgow
704 2920 801 2955 1887,
837 2920 982 2958 chapter
1018 2922 1054 2957 43
1091 2921 1226 2950 Finsler
1265 2920 1394 2949 Homer
1431 2920 1465 2948 in
1500 2919 1560 2948 der
1590 2919 1745 2955 Neuzeit‚
1767 2918 1911 2956 Leipzig
1936 2919 2033 2955 1912,

207 2967 351 3000 Homer²
387 2971 483 3006 1914,
526 2971 720 3007 341—4433
755 2972 915 3001 Laurand
952 2973 979 3001 A
1014 2981 1142 3011 propos
1171 2969 1366 3002 d‘Homere.
1396 2969 1543 3008 Progres
1575 2973 1610 3000 et
1633 2971 1728 3001 recul
1753 2970 1795 3000 de
1821 2971 1854 3000 Ia
1877 2971 2036 3007 critique,

206 3022 305 3052 Paris
341 3024 444 3059 1913;
487 3024 638 3053 Zarncke
672 3024 733 3054 der
765 3024 915 3062 Irrgang
951 3025 1012 3054 der
1049 3025 1368 3061 Homertorschung
1397 3025 1463 3053 seit
1500 3023 1532 3052 F.
1567 3026 1606 3054 A.
1628 3024 1727 3059 Wolf,
1753 3022 1956 3053 Festschrift
1979 3024 2033 3052 fiir

213 3076 251 3105 Ε.
276 3074 452 3105 Windiseh
475 3077 571 3111 1914,
596 3077 785 3106 180—187.
