2234 3443
275 172 361 211 270
723 182 779 211 DE
810 182 1048 211 AUGMENTO
1079 183 1130 211 m·
1162 182 1216 210 DE
1247 181 1636 211 REDUPLIGATIONE.
1783 173 1822 218 [ἓ
1858 172 2088 212 136—138

272 293 461 332 tissimis
483 294 672 344 ducendi,
683 295 860 344 ferendi,
879 295 1055 344 dicendi,
1071 295 1238 335 sedendi
1253 295 1398 334 verbis
1413 295 1658 343 permansit
1667 303 1698 345 a,
1719 295 1832 344 apud
1849 295 2091 336 Homerum

273 361 533 409 saepissime
566 363 633 399 est
663 363 876 410 usurpata
888 359 917 400 b.

391 426 663 466 Posteriorem
702 429 852 476 stirpis
893 438 1131 467 consonam
1162 429 1368 468 iteratam
1399 428 1563 467 habent
1592 429 1745 468 aoristi
1775 426 2008 478 ἠνέπαπονσ
2048 431 2092 469 et

274 489 479 543 ἠρῢκακον
497 491 530 533 ἅ.

391 623 421 680 5
455 626 552 670 137.
591 628 821 667 Nonnullis
851 629 1027 668 aoristis
1057 628 1339 677 reduplicatis
1371 628 1627 668 adiunctum
1659 630 1728 667 est
1753 629 1952 676 futurum
1983 629 2091 668 item

271 693 612 743 reduplicatione
644 697 871 734 ornatum:

803 761 1008 813 ἐκέκαδον,
1035 762 1243 811 κεκαδήσει)
1275 763 1318 801 et,
1347 761 1542 812 -δήσομαι
1555 768 1581 799 ⁶.

802 827 1013 880 ἐπέπιθον,
1036 825 1287 880 πεπιθήσωί.

803 895 1069 948 ἐπεφιδόμκν,
1098 894 1416 946 πεφίδήσομαιθ.

803 962 1062 1016 ἐκεχαρόμκν,
1090 964 1294 1016 κεχαρήσω
1327 967 1371 1004 et
1399 964 1594 1015 -ρήσομαι
1606 962 1637 1002 ἢ.

390 1095 451 1135 De
474 1097 708 1144 praesentis
738 1098 1080 1147 reduplicatione
1112 1100 1279 1139 dicetur
1309 1100 1353 1138 in
1383 1100 1523 1148 capite
1553 1099 1767 1148 proximo.

1030 1372 1235 1413 CAPUT
1267 1373 1345 1413 IV.

531 1495 632 1546 DE
672 1492 1316 1544 CONFORMATIONE
1352 1492 1826 1544 PRAESENTIS.

853 1628 892 1667 Ι.
922 1628 994 1666 De
1022 1629 1308 1676 praesentis
1338 1629 1515 1676 stirpe.

389 1740 417 1797 ξ
450 1742 545 1786 138.
587 1745 752 1783 Iterata
782 1744 1013 1783 verborum
1045 1743 1355 1783 nonnullorum
1388 1744 1522 1792 stirps
1551 1743 1717 1792 peperit
1745 1745 1944 1792 tempora
1973 1752 2089 1791 prae·

269 1822 372 1851 sens
401 1814 443 1850 et
473 1808 828 1863 imperfectumi3
858 1821 967 1858 quae
992 1811 1279 1859 reduplicatio
1307 1811 1441 1850 etiam
1459 1811 1610 1850 aoristo
1628 1811 1918 1859 complurium
1935 1810 2090 1848 horum

272 1878 506 1918 verborum
537 1878 760 1916 adhaesit:

421 1948 456 1984 1.
491 1941 587 1996 (ἀν)
621 1942 874 1992 &vulnonem
903 1945 1279 1993 Praepositionem
1307 1943 1403 1982 ἀνα-
1425 1945 1714 1994 praemissam
1734 1954 1830 1984 esse
1847 1944 2094 1992 suspicetur

492 2012 588 2060 quis
628 2014 805 2060 propter
844 2012 1027 2050 verbum
1059 2012 1103 2049 vi
1134 2012 1352 2050 contraria
1382 2012 1629 2061 praeditum
1661 2010 1863 2061 ἐπ-αινέω,
1892 2012 1968 2050 sed
2000 2020 2095 2049 con-

489 2079 674 2117 trarium
717 2079 843 2118 docet
874 2080 1160 2127 augmentum
1192 2078 1434 2118 formarum
1467 2076 1687 2117 ἠναίνετολέ
1719 2081 1763 2117 et
1791 2076 2054 2116 ἀπηνήναντο
2070 2074 2094 2116 l.

492 2146 605 2185 Nam
637 2147 682 2184 in
714 2146 900 2185 dictione
931 2148 1159 2194 poetarum
1186 2147 1408 2194 epicorum
1435 2146 1547 2185 nulli
1562 2146 1872 2195 praepositioni
1889 2154 2093 2193 augmen·

493 2216 587 2251 tum
620 2216 687 2252 est
718 2214 1014 2262 praemissum
1028 2221 1069 2251 m.

419 2281 454 2318 2.
489 2276 620 2332 (βαν)
651 2279 864 2330 βαμβαίνω
895 2282 938 2319 et
968 2281 1063 2318 sine
1094 2280 1436 2329 reduplicatione
1467 2279 1593 2331 βαίνω
1607 2290 1639 2319 n.

419 2349 457 2386 3.
487 2343 619 2400 (τραν)
649 2347 869 2396 παμφαίνω
901 2349 996 2386 sive
1027 2347 1260 2397 παμφανάω
1292 2350 1336 2387 et
1367 2349 1462 2386 sine
1493 2347 1836 2395 reduplicatione
1868 2346 2001 2395 φαίνω
2015 2352 2046 2384 0.

418 2416 457 2454 4.
493 2411 627 2467 (καρ)
661 2414 943 2465 (ε’)κάρκαιρεΡ.

420 2484 459 2520 5.
492 2477 630 2534 (μαρ)
663 2482 897 2532 μαρμαίρων
911 2489 941 2520 q.
977 2482 1219 2521 Cohaerent
1250 2481 1460 2531 μάρμαροσ
1489 2491 1697 2530 marmor,
1729 2480 1972 2531 μαρμάρεοσ,
1997 2494 2096 2530 μαρ-

493 2550 693 2599 μαρυγήν,
733 2549 1076 2597 reduplicatione
1118 2552 1264 2588 autem
1308 2559 1393 2588 non
1434 2550 1564 2587 aucta
1594 2549 1727 2597 stirps
1757 2549 1907 2597 genuit
1936 2557 2095 2587 nomen

496 2617 638 2661 Μαῖρα
671 2616 857 2655 ἱίἷαδίνὶδ.

358 2756 378 2774 α
425 2747 549 2784 ἤγαγον,
579 2747 712 2784 ἤνεγκον,
744 2743 839 2781 εἶπον,
870 2748 1074 2784 ἐκαθεζόμην.
1104 2745 1402 2786 Reduplicationis
1432 2747 1617 2782 vestigium
1650 2745 1800 2775 servavit
1824 2745 1926 2774 etiam
1951 2745 2095 2783 spiritns

270 2807 371 2836 asper
394 2798 571 2828 indicativi
594 2800 733 2836 ἑσπόμην
756 2798 775 2836 ἓ
801 2795 903 2828 14935.
1092 2798 1107 2828 b
1132 2798 1151 2837 ξ
1178 2799 1342 2829 1499-43.
1532 2808 1548 2828 c
1571 2799 1589 2837 ἕ
1616 2795 1718 2828 14917.
1897 2796 1921 2826 d
1945 2797 1960 2836 ξ
1986 2794 2092 2826 14918.

403 2859 419 2880 e
443 2851 461 2889 ξ
487 2852 562 2881 213.
695 2852 719 2889 f
745 2852 761 2888 ξ
788 2851 864 2880 217.
995 2861 1016 2890 q
1039 2851 1058 2889 ἓ
1085 2852 1159 2881 219.
1294 2851 1314 2880 Ιι
1337 2853 1353 2889 ξ
1379 2853 1453 2881 282.
1477 2852 1550 2881 Hoc
1576 2852 1729 2880 {uturum
1755 2849 1797 2879 ab
1822 2851 1983 2879 aoristine
2008 2858 2049 2878 an
2072 2857 2092 2878 a

270 2904 416 2941 perfecti
458 2905 565 2942 stirpe
600 2904 743 2934 ductum
780 2904 824 2932 sit
853 2901 975 2932 inutile
1007 2908 1059 2933 est
1082 2913 1258 2941 quaerere,
1285 2905 1443 2942 quoniam
1469 2905 1588 2933 aoristi
1611 2901 1888 2941 reduplicatione
1915 2903 2027 2932 ornati
2058 2903 2092 2930 et

271 2955 416 2994 perfecti
439 2957 534 2994 origo
559 2955 752 2986 communis
774 2957 849 2986 fuit.
1008 2956 1019 2985 i
1043 2957 1093 2986 De
1117 2955 1223 2986 simili
1245 2958 1391 2995 perfecti
1415 2960 1449 2986 st
1472 2956 1591 2986 aoristi
1614 2956 1885 2985 conformatione
1908 2954 1926 2992 ξ
1954 2955 2015 2983 135
2040 2961 2092 2990 sq.

396 3006 418 3045 j
450 3008 531 3041 Par.
566 3009 625 3038 199
640 3018 668 3048 q.
864 3007 883 3037 k
918 3008 958 3038 H.
989 3006 1064 3037 Cer.
1098 3009 1178 3044 330;
1210 3017 1270 3046 pro
1295 3010 1391 3038 ἔπειτ’
1423 3010 1561 3045 ἠναίνετο
1585 3012 1610 3038 Σ
1632 3009 1696 3037 450
1721 3008 1787 3045 leg.
1812 3009 1918 3037 ἴπειτα
1941 3009 2091 3035 ἀναίνετο.

407 3057 421 3087 l
442 3062 476 3088 H
498 3061 572 3090 185.
708 3070 735 3089 m
758 3058 822 3090 Pro
848 3062 1011 3095 ἐκαθέζετο
1038 3062 1072 3089 A
1097 3062 1137 3090 68
1161 3063 1254 3090 recte
1274 3061 1295 3090 1.
1318 3069 1348 3090 a.
1370 3061 1440 3090 κατ’
1465 3060 1511 3100 ἄρ’
1536 3062 1628 3095 ἕζετο.
1645 3058 1900 3090 SimiliaAeli
1921 3058 2018 3088 0716
2033 3060 2048 3093 ζ
2063 3059 2091 3088 1.

406 3119 426 3139 n
451 3110 469 3148 ξ
494 3112 568 3141 202.
715 3121 733 3141 0
756 3112 775 3150 ἓ
800 3113 875 3142 280.
1020 3123 1044 3152 p
1071 3117 1099 3141 Υ
1122 3113 1196 3143 157.
1330 3122 1348 3151 q
1371 3115 1402 3142 Γ
1422 3113 1485 3142 397
1511 3113 1553 3141 al.
1689 3122 1705 3141 r
1730 3115 1753 3141 θ
1779 3112 1842 3142 265
1868 3111 1901 3140 h.
1928 3113 1990 3149 Ap.
2017 3111 2095 3141 203.
