<?xml version="1.0" encoding="UTF-8"?>
<!DOCTYPE html PUBLIC "-//W3C//DTD XHTML 1.0 Transitional//EN"
    "http://www.w3.org/TR/xhtml1/DTD/xhtml1-transitional.dtd">
<html xmlns="http://www.w3.org/1999/xhtml" xml:lang="en" lang="en">
 <head>
  <title>
</title>
<meta http-equiv="Content-Type" content="text/html;charset=utf-8" />
  <meta name='ocr-system' content='tesseract 3.04.00' />
  <meta name='ocr-capabilities' content='ocr_page ocr_carea ocr_par ocr_line ocrx_word'/>
</head>
<body>
  <div class='ocr_page' id='page_1' title='image "./enchiridiumdicti00leeuuoft_0121.png"; bbox 0 0 2234 3443; ppageno 0'>
   <div class='ocr_carea' id='block_1_1' title="bbox 139 198 1953 255">
    <p class='ocr_par' dir='ltr' id='par_1_1' title="bbox 139 198 1953 255">
     <span class='ocr_line' id='line_1_1' title="bbox 139 198 1953 255; baseline -0.005 -10"><span class='ocrx_word' id='word_1_1' title='bbox 139 208 163 253; x_wconf 69' lang='grc' dir='ltr'>ἓ</span> <span class='ocrx_word' id='word_1_2' title='bbox 196 207 265 255; x_wconf 84' lang='lat'>24,</span> <span class='ocrx_word' id='word_1_3' title='bbox 301 206 371 252; x_wconf 80' lang='lat'>25]</span> <span class='ocrx_word' id='word_1_4' title='bbox 674 216 728 243; x_wconf 84' lang='lat' dir='ltr'>DE</span> <span class='ocrx_word' id='word_1_5' title='bbox 761 213 1000 243; x_wconf 82' lang='lat' dir='ltr'>VOCALIBUS</span> <span class='ocrx_word' id='word_1_6' title='bbox 1031 213 1082 241; x_wconf 77' lang='grc' dir='ltr'>ΕΤ</span> <span class='ocrx_word' id='word_1_7' title='bbox 1114 211 1423 241; x_wconf 81' lang='lat' dir='ltr'>DIPHTHONGIS.</span> <span class='ocrx_word' id='word_1_8' title='bbox 1899 198 1953 236; x_wconf 85' lang='lat'>97</span> 
     </span>
    </p>
   </div>
   <div class='ocr_carea' id='block_1_2' title="bbox 138 322 1959 1053">
    <p class='ocr_par' dir='ltr' id='par_1_2' title="bbox 138 322 1958 514">
     <span class='ocr_line' id='line_1_2' title="bbox 259 322 1957 378; baseline -0.005 -10"><span class='ocrx_word' id='word_1_9' title='bbox 259 330 308 369; x_wconf 90' lang='lat' dir='ltr'>In</span> <span class='ocrx_word' id='word_1_10' title='bbox 340 330 430 370; x_wconf 83' lang='lat' dir='ltr'>arsi</span> <span class='ocrx_word' id='word_1_11' title='bbox 461 329 656 378; x_wconf 86' lang='lat' dir='ltr'>syllabas</span> <span class='ocrx_word' id='word_1_12' title='bbox 688 328 841 368; x_wconf 86' lang='lat' dir='ltr'>finales</span> <span class='ocrx_word' id='word_1_13' title='bbox 867 327 1008 367; x_wconf 91' lang='lat' dir='ltr'>multo</span> <span class='ocrx_word' id='word_1_14' title='bbox 1036 327 1211 375; x_wconf 86' lang='lat' dir='ltr'>saepius</span> <span class='ocrx_word' id='word_1_15' title='bbox 1240 335 1370 373; x_wconf 88' lang='lat' dir='ltr'>quam</span> <span class='ocrx_word' id='word_1_16' title='bbox 1398 325 1441 363; x_wconf 91' lang='lat' dir='ltr'>in</span> <span class='ocrx_word' id='word_1_17' title='bbox 1467 324 1607 363; x_wconf 77' lang='lat' dir='ltr'>thesia</span> <span class='ocrx_word' id='word_1_18' title='bbox 1624 323 1764 371; x_wconf 85' lang='lat' dir='ltr'>poetis</span> <span class='ocrx_word' id='word_1_19' title='bbox 1781 322 1957 361; x_wconf 85' lang='lat' dir='ltr'>Graecis</span> 
     </span>
     <span class='ocr_line' id='line_1_3' title="bbox 138 390 1958 446; baseline -0.004 -11"><span class='ocrx_word' id='word_1_20' title='bbox 138 397 372 446; x_wconf 85' lang='lat' dir='ltr'>productas</span> <span class='ocrx_word' id='word_1_21' title='bbox 404 407 502 436; x_wconf 85' lang='lat' dir='ltr'>esse</span> <span class='ocrx_word' id='word_1_22' title='bbox 535 396 764 445; x_wconf 82' lang='lat' dir='ltr'>positione,</span> <span class='ocrx_word' id='word_1_23' title='bbox 797 394 1009 444; x_wconf 88' lang='lat' dir='ltr'>singulari</span> <span class='ocrx_word' id='word_1_24' title='bbox 1040 394 1266 442; x_wconf 70' lang='lat' dir='ltr'>diligentia</span> <span class='ocrx_word' id='word_1_25' title='bbox 1296 391 1616 431; x_wconf 88' lang='lat' dir='ltr'>demonstravit</span> <span class='ocrx_word' id='word_1_26' title='bbox 1646 390 1839 428; x_wconf 84' lang='lat' dir='ltr'>Isidorus</span> <span class='ocrx_word' id='word_1_27' title='bbox 1871 390 1958 428; x_wconf 90' lang='lat' dir='ltr'>Hil-</span> 
     </span>
     <span class='ocr_line' id='line_1_4' title="bbox 141 454 1729 514; baseline -0.006 -10"><span class='ocrx_word' id='word_1_28' title='bbox 141 464 290 514; x_wconf 73' lang='lat' dir='ltr'>berga,</span> <span class='ocrx_word' id='word_1_29' title='bbox 325 465 449 503; x_wconf 91' lang='lat' dir='ltr'>cuius</span> <span class='ocrx_word' id='word_1_30' title='bbox 482 464 591 503; x_wconf 82' lang='lat' dir='ltr'>duae</span> <span class='ocrx_word' id='word_1_31' title='bbox 624 464 704 502; x_wconf 88' lang='lat' dir='ltr'>hae</span> <span class='ocrx_word' id='word_1_32' title='bbox 736 463 789 501; x_wconf 91' lang='lat' dir='ltr'>ad</span> <span class='ocrx_word' id='word_1_33' title='bbox 821 463 1065 501; x_wconf 84' lang='lat' dir='ltr'>Homerum</span> <span class='ocrx_word' id='word_1_34' title='bbox 1098 460 1319 509; x_wconf 88' lang='lat' dir='ltr'>pertinent</span> <span class='ocrx_word' id='word_1_35' title='bbox 1350 454 1729 497; x_wconf 72' lang='lat' dir='ltr'>observationesb:</span> 
     </span>
    </p>

    <p class='ocr_par' dir='ltr' id='par_1_3' title="bbox 138 523 1957 645">
     <span class='ocr_line' id='line_1_5' title="bbox 260 523 1957 578; baseline -0.006 -7"><span class='ocrx_word' id='word_1_36' title='bbox 260 532 313 571; x_wconf 90' lang='lat' dir='ltr'>ad</span> <span class='ocrx_word' id='word_1_37' title='bbox 339 532 567 571; x_wconf 77' lang='lat' dir='ltr'>secundam</span> <span class='ocrx_word' id='word_1_38' title='bbox 592 531 721 569; x_wconf 74' lang='lat' dir='ltr'>thesin</span> <span class='ocrx_word' id='word_1_39' title='bbox 749 529 1009 578; x_wconf 83' lang='lat' dir='ltr'>explendam</span> <span class='ocrx_word' id='word_1_40' title='bbox 1039 532 1076 578; x_wconf 82' lang='grc' dir='ltr'>ἅ,</span> <span class='ocrx_word' id='word_1_41' title='bbox 1091 542 1120 577; x_wconf 84' lang='grc' dir='ltr'>ε,</span> <span class='ocrx_word' id='word_1_42' title='bbox 1135 530 1161 576; x_wconf 81' lang='grc' dir='ltr'>ἴ,</span> <span class='ocrx_word' id='word_1_43' title='bbox 1178 541 1214 576; x_wconf 85' lang='grc' dir='ltr'><em>ο,</em></span> <span class='ocrx_word' id='word_1_44' title='bbox 1230 530 1254 564; x_wconf 80' lang='grc' dir='ltr'>ὕ</span> <span class='ocrx_word' id='word_1_45' title='bbox 1280 525 1409 565; x_wconf 88' lang='lat' dir='ltr'>finale</span> <span class='ocrx_word' id='word_1_46' title='bbox 1435 525 1718 573; x_wconf 82' lang='lat' dir='ltr'>substantivi,</span> <span class='ocrx_word' id='word_1_47' title='bbox 1737 523 1957 572; x_wconf 85' lang='lat' dir='ltr'>adiectivi,</span> 
     </span>
     <span class='ocr_line' id='line_1_6' title="bbox 138 580 1780 645; baseline -0.005 -8"><span class='ocrx_word' id='word_1_48' title='bbox 138 598 331 637; x_wconf 79' lang='lat' dir='ltr'>adverbii</span> <span class='ocrx_word' id='word_1_49' title='bbox 363 598 651 645; x_wconf 84' lang='lat' dir='ltr'>adiectivalis,</span> <span class='ocrx_word' id='word_1_50' title='bbox 684 597 806 636; x_wconf 90' lang='lat' dir='ltr'>verbi</span> <span class='ocrx_word' id='word_1_51' title='bbox 837 605 923 635; x_wconf 92' lang='lat' dir='ltr'>non</span> <span class='ocrx_word' id='word_1_52' title='bbox 955 595 1197 636; x_wconf 88' lang='lat' dir='ltr'>sufficiebat</span> <span class='ocrx_word' id='word_1_53' title='bbox 1227 580 1442 643; x_wconf 71' lang='lat' dir='ltr'>positione</span> <span class='ocrx_word' id='word_1_54' title='bbox 1474 592 1735 641; x_wconf 89' lang='lat' dir='ltr'>productum</span> <span class='ocrx_word' id='word_1_55' title='bbox 1751 597 1780 629; x_wconf 78' lang='lat'>⁶.</span> 
     </span>
    </p>

    <p class='ocr_par' dir='ltr' id='par_1_4' title="bbox 138 657 1958 783">
     <span class='ocr_line' id='line_1_7' title="bbox 258 657 1958 714; baseline -0.005 -10"><span class='ocrx_word' id='word_1_56' title='bbox 258 665 310 704; x_wconf 90' lang='lat' dir='ltr'>ad</span> <span class='ocrx_word' id='word_1_57' title='bbox 354 669 554 714; x_wconf 76' lang='lat' dir='ltr'>quartam</span> <span class='ocrx_word' id='word_1_58' title='bbox 590 666 718 705; x_wconf 80' lang='lat' dir='ltr'>thesin</span> <span class='ocrx_word' id='word_1_59' title='bbox 751 664 1011 713; x_wconf 81' lang='lat' dir='ltr'>explendam</span> <span class='ocrx_word' id='word_1_60' title='bbox 1045 666 1082 711; x_wconf 80' lang='grc' dir='ltr'>ἅ,</span> <span class='ocrx_word' id='word_1_61' title='bbox 1111 677 1141 711; x_wconf 86' lang='grc' dir='ltr'>ε,</span> <span class='ocrx_word' id='word_1_62' title='bbox 1170 665 1198 711; x_wconf 84' lang='grc' dir='ltr'>ἴ,</span> <span class='ocrx_word' id='word_1_63' title='bbox 1229 676 1263 711; x_wconf 85' lang='grc' dir='ltr'><em>ο,</em></span> <span class='ocrx_word' id='word_1_64' title='bbox 1298 664 1321 698; x_wconf 78' lang='grc' dir='ltr'><strong>ὕ</strong></span> <span class='ocrx_word' id='word_1_65' title='bbox 1353 659 1481 698; x_wconf 87' lang='lat' dir='ltr'>finale</span> <span class='ocrx_word' id='word_1_66' title='bbox 1513 659 1683 697; x_wconf 90' lang='lat' dir='ltr'>nullum</span> <span class='ocrx_word' id='word_1_67' title='bbox 1716 657 1958 696; x_wconf 87' lang='lat' dir='ltr'>sufficiebat</span> 
     </span>
     <span class='ocr_line' id='line_1_8' title="bbox 138 731 688 783; baseline 0.002 -11"><span class='ocrx_word' id='word_1_68' title='bbox 138 734 352 783; x_wconf 87' lang='lat' dir='ltr'>positione</span> <span class='ocrx_word' id='word_1_69' title='bbox 384 734 642 783; x_wconf 89' lang='lat' dir='ltr'>productum</span> <span class='ocrx_word' id='word_1_70' title='bbox 655 731 688 773; x_wconf 79' lang='lat' dir='ltr'>d.</span> 
     </span>
    </p>

    <p class='ocr_par' dir='ltr' id='par_1_5' title="bbox 140 793 1959 1053">
     <span class='ocr_line' id='line_1_9' title="bbox 257 793 1957 845; baseline -0.005 -5"><span class='ocrx_word' id='word_1_71' title='bbox 257 801 491 841; x_wconf 87' lang='lat' dir='ltr'>Praeterea</span> <span class='ocrx_word' id='word_1_72' title='bbox 531 801 761 841; x_wconf 88' lang='lat' dir='ltr'>Wernicke</span> <span class='ocrx_word' id='word_1_73' title='bbox 804 800 950 839; x_wconf 88' lang='lat' dir='ltr'>docuit</span> <span class='ocrx_word' id='word_1_74' title='bbox 990 800 1033 837; x_wconf 90' lang='lat' dir='ltr'>in</span> <span class='ocrx_word' id='word_1_75' title='bbox 1071 798 1186 837; x_wconf 84' lang='lat' dir='ltr'>thesi</span> <span class='ocrx_word' id='word_1_76' title='bbox 1218 799 1375 845; x_wconf 85' lang='lat' dir='ltr'>quarta</span> <span class='ocrx_word' id='word_1_77' title='bbox 1420 807 1473 834; x_wconf 91' lang='lat' dir='ltr'>ne</span> <span class='ocrx_word' id='word_1_78' title='bbox 1510 805 1607 834; x_wconf 89' lang='lat' dir='ltr'>eam</span> <span class='ocrx_word' id='word_1_79' title='bbox 1641 794 1814 842; x_wconf 87' lang='lat' dir='ltr'>quidem</span> <span class='ocrx_word' id='word_1_80' title='bbox 1848 793 1957 841; x_wconf 88' lang='lat' dir='ltr'>posi-</span> 
     </span>
     <span class='ocr_line' id='line_1_10' title="bbox 140 861 1958 917; baseline -0.004 -11"><span class='ocrx_word' id='word_1_81' title='bbox 140 868 320 916; x_wconf 89' lang='lat' dir='ltr'>tionem,</span> <span class='ocrx_word' id='word_1_82' title='bbox 361 879 493 917; x_wconf 88' lang='lat' dir='ltr'>quam</span> <span class='ocrx_word' id='word_1_83' title='bbox 536 869 728 908; x_wconf 88' lang='lat' dir='ltr'>efficiunt</span> <span class='ocrx_word' id='word_1_84' title='bbox 771 876 987 906; x_wconf 84' lang='lat' dir='ltr'>consonae</span> <span class='ocrx_word' id='word_1_85' title='bbox 1026 865 1275 904; x_wconf 88' lang='lat' dir='ltr'>terminalis</span> <span class='ocrx_word' id='word_1_86' title='bbox 1317 866 1359 903; x_wconf 90' lang='lat' dir='ltr'>et</span> <span class='ocrx_word' id='word_1_87' title='bbox 1390 863 1587 910; x_wconf 73' lang='lat' dir='ltr'>inmane,</span> <span class='ocrx_word' id='word_1_88' title='bbox 1620 863 1733 900; x_wconf 87' lang='lat' dir='ltr'>satis</span> <span class='ocrx_word' id='word_1_89' title='bbox 1765 861 1958 908; x_wconf 86' lang='lat' dir='ltr'>viguisse</span> 
     </span>
     <span class='ocr_line' id='line_1_11' title="bbox 140 929 1959 986; baseline -0.004 -13"><span class='ocrx_word' id='word_1_90' title='bbox 140 935 176 974; x_wconf 78' lang='lat' dir='ltr'>si</span> <span class='ocrx_word' id='word_1_91' title='bbox 215 937 476 976; x_wconf 76' lang='lat' dir='ltr'>intercederet</span> <span class='ocrx_word' id='word_1_92' title='bbox 515 943 696 986; x_wconf 70' lang='lat' dir='ltr'>pausae.</span> <span class='ocrx_word' id='word_1_93' title='bbox 734 935 819 974; x_wconf 92' lang='lat' dir='ltr'>Ubi</span> <span class='ocrx_word' id='word_1_94' title='bbox 851 944 954 973; x_wconf 91' lang='lat' dir='ltr'>vero</span> <span class='ocrx_word' id='word_1_95' title='bbox 983 932 1319 973; x_wconf 84' lang='lat' dir='ltr'>continuabatur</span> <span class='ocrx_word' id='word_1_96' title='bbox 1351 930 1583 978; x_wconf 86' lang='lat' dir='ltr'>sententia,</span> <span class='ocrx_word' id='word_1_97' title='bbox 1619 929 1849 968; x_wconf 79' lang='lat' dir='ltr'>offensioni</span> <span class='ocrx_word' id='word_1_98' title='bbox 1875 938 1959 967; x_wconf 92' lang='lat' dir='ltr'>non</span> 
     </span>
     <span class='ocr_line' id='line_1_12' title="bbox 141 1000 829 1053; baseline 0.001 -12"><span class='ocrx_word' id='word_1_99' title='bbox 141 1005 236 1042; x_wconf 88' lang='lat' dir='ltr'>erat</span> <span class='ocrx_word' id='word_1_100' title='bbox 267 1003 440 1052; x_wconf 84' lang='lat' dir='ltr'>syllaba</span> <span class='ocrx_word' id='word_1_101' title='bbox 471 1004 534 1044; x_wconf 89' lang='lat' dir='ltr'>sic</span> <span class='ocrx_word' id='word_1_102' title='bbox 566 1004 776 1053; x_wconf 85' lang='lat' dir='ltr'>producta</span> <span class='ocrx_word' id='word_1_103' title='bbox 791 1000 829 1042; x_wconf 87' lang='lat' dir='ltr'>f.</span> 
     </span>
    </p>
   </div>
   <div class='ocr_carea' id='block_1_3' title="bbox 139 1123 1961 1518">
    <p class='ocr_par' dir='ltr' id='par_1_6' title="bbox 139 1123 1961 1316">
     <span class='ocr_line' id='line_1_13' title="bbox 258 1123 1958 1181; baseline -0.007 -9"><span class='ocrx_word' id='word_1_104' title='bbox 258 1126 287 1181; x_wconf 64' lang='grc' dir='ltr'><strong>ἓ</strong></span> <span class='ocrx_word' id='word_1_105' title='bbox 328 1128 399 1172; x_wconf 77' lang='lat'>25.</span> <span class='ocrx_word' id='word_1_106' title='bbox 441 1131 491 1169; x_wconf 88' lang='lat' dir='ltr'>In</span> <span class='ocrx_word' id='word_1_107' title='bbox 522 1131 710 1170; x_wconf 85' lang='lat' dir='ltr'>dictione</span> <span class='ocrx_word' id='word_1_108' title='bbox 743 1130 984 1169; x_wconf 87' lang='lat' dir='ltr'>recentiore</span> <span class='ocrx_word' id='word_1_109' title='bbox 1017 1127 1181 1167; x_wconf 89' lang='lat' dir='ltr'>vocalis</span> <span class='ocrx_word' id='word_1_110' title='bbox 1213 1126 1358 1169; x_wconf 85' lang='lat' dir='ltr'>brevis</span> <span class='ocrx_word' id='word_1_111' title='bbox 1391 1135 1476 1164; x_wconf 88' lang='lat' dir='ltr'>non</span> <span class='ocrx_word' id='word_1_112' title='bbox 1508 1123 1826 1173; x_wconf 81' lang='lat' dir='ltr'>producebatur</span> <span class='ocrx_word' id='word_1_113' title='bbox 1858 1132 1958 1161; x_wconf 89' lang='lat' dir='ltr'>cum</span> 
     </span>
     <span class='ocr_line' id='line_1_14' title="bbox 139 1189 1961 1246; baseline -0.004 -11"><span class='ocrx_word' id='word_1_114' title='bbox 139 1197 435 1245; x_wconf 83' lang='lat' dir='ltr'>sequebantur</span> <span class='ocrx_word' id='word_1_115' title='bbox 466 1200 592 1237; x_wconf 89' lang='lat' dir='ltr'>muta</span> <span class='ocrx_word' id='word_1_116' title='bbox 625 1200 668 1237; x_wconf 89' lang='lat' dir='ltr'>et</span> <span class='ocrx_word' id='word_1_117' title='bbox 699 1197 865 1246; x_wconf 83' lang='lat' dir='ltr'>liquida</span> <span class='ocrx_word' id='word_1_118' title='bbox 898 1195 1095 1235; x_wconf 91' lang='lat' dir='ltr'>vocabuli</span> <span class='ocrx_word' id='word_1_119' title='bbox 1125 1196 1218 1234; x_wconf 89' lang='lat' dir='ltr'>sive</span> <span class='ocrx_word' id='word_1_120' title='bbox 1252 1194 1449 1233; x_wconf 89' lang='lat' dir='ltr'>eiusdem</span> <span class='ocrx_word' id='word_1_121' title='bbox 1484 1194 1578 1231; x_wconf 88' lang='lat' dir='ltr'>sive</span> <span class='ocrx_word' id='word_1_122' title='bbox 1611 1191 1843 1240; x_wconf 66' lang='lat' dir='ltr'>proximw,</span> <span class='ocrx_word' id='word_1_123' title='bbox 1876 1189 1961 1228; x_wconf 89' lang='lat' dir='ltr'>nisi</span> 
     </span>
     <span class='ocr_line' id='line_1_15' title="bbox 140 1257 1461 1316; baseline -0.003 -12"><span class='ocrx_word' id='word_1_124' title='bbox 140 1266 267 1304; x_wconf 88' lang='lat' dir='ltr'>muta</span> <span class='ocrx_word' id='word_1_125' title='bbox 297 1268 392 1305; x_wconf 91' lang='lat' dir='ltr'>erat</span> <span class='ocrx_word' id='word_1_126' title='bbox 422 1267 568 1305; x_wconf 87' lang='lat' dir='ltr'>media</span> <span class='ocrx_word' id='word_1_127' title='bbox 597 1266 651 1316; x_wconf 87' lang='grc' dir='ltr'>(β,</span> <span class='ocrx_word' id='word_1_128' title='bbox 680 1281 716 1316; x_wconf 79' lang='lat' dir='ltr'>y,</span> <span class='ocrx_word' id='word_1_129' title='bbox 748 1265 784 1307; x_wconf 79' lang='grc' dir='ltr'>ὁ)</span> <span class='ocrx_word' id='word_1_130' title='bbox 816 1267 859 1303; x_wconf 87' lang='lat' dir='ltr'>et</span> <span class='ocrx_word' id='word_1_131' title='bbox 890 1264 1054 1312; x_wconf 88' lang='lat' dir='ltr'>liquida</span> <span class='ocrx_word' id='word_1_132' title='bbox 1084 1265 1104 1300; x_wconf 81' lang='grc' dir='ltr'><em>λ</em></span> <span class='ocrx_word' id='word_1_133' title='bbox 1142 1262 1211 1301; x_wconf 89' lang='lat' dir='ltr'>vel</span> <span class='ocrx_word' id='word_1_134' title='bbox 1243 1277 1269 1310; x_wconf 86' lang='grc' dir='ltr'>μ</span> <span class='ocrx_word' id='word_1_135' title='bbox 1302 1261 1370 1300; x_wconf 88' lang='lat' dir='ltr'>vel</span> <span class='ocrx_word' id='word_1_136' title='bbox 1392 1257 1461 1300; x_wconf 67' lang='lat'><em>217².</em></span> 
     </span>
    </p>

    <p class='ocr_par' dir='ltr' id='par_1_7' title="bbox 141 1324 1960 1518">
     <span class='ocr_line' id='line_1_16' title="bbox 258 1324 1958 1382; baseline -0.005 -10"><span class='ocrx_word' id='word_1_137' title='bbox 258 1333 309 1372; x_wconf 92' lang='lat' dir='ltr'>In</span> <span class='ocrx_word' id='word_1_138' title='bbox 350 1334 485 1382; x_wconf 89' lang='lat' dir='ltr'>epicis</span> <span class='ocrx_word' id='word_1_139' title='bbox 528 1343 628 1372; x_wconf 89' lang='lat' dir='ltr'>vero</span> <span class='ocrx_word' id='word_1_140' title='bbox 662 1332 929 1372; x_wconf 88' lang='lat' dir='ltr'>carminibus</span> <span class='ocrx_word' id='word_1_141' title='bbox 962 1330 1212 1370; x_wconf 85' lang='lat' dir='ltr'>huiusmodi</span> <span class='ocrx_word' id='word_1_142' title='bbox 1244 1329 1440 1377; x_wconf 86' lang='lat' dir='ltr'>syllabae</span> <span class='ocrx_word' id='word_1_143' title='bbox 1472 1328 1590 1366; x_wconf 74' lang='lat' dir='ltr'>arsin</span> <span class='ocrx_word' id='word_1_144' title='bbox 1623 1325 1820 1365; x_wconf 90' lang='lat' dir='ltr'>obtinere</span> <span class='ocrx_word' id='word_1_145' title='bbox 1852 1324 1958 1363; x_wconf 88' lang='lat' dir='ltr'>sole-</span> 
     </span>
     <span class='ocr_line' id='line_1_17' title="bbox 141 1393 1960 1449; baseline -0.004 -11"><span class='ocrx_word' id='word_1_146' title='bbox 141 1399 283 1449; x_wconf 70' lang='lat' dir='ltr'>bauti,</span> <span class='ocrx_word' id='word_1_147' title='bbox 312 1402 354 1440; x_wconf 89' lang='lat' dir='ltr'>in</span> <span class='ocrx_word' id='word_1_148' title='bbox 382 1402 482 1440; x_wconf 73' lang='lat' dir='ltr'>thesi</span> <span class='ocrx_word' id='word_1_149' title='bbox 508 1404 654 1440; x_wconf 90' lang='lat' dir='ltr'>autem</span> <span class='ocrx_word' id='word_1_150' title='bbox 678 1401 914 1440; x_wconf 83' lang='lat' dir='ltr'>collocatae</span> <span class='ocrx_word' id='word_1_151' title='bbox 931 1409 1015 1438; x_wconf 76' lang='lat' dir='ltr'>non</span> <span class='ocrx_word' id='word_1_152' title='bbox 1032 1393 1189 1446; x_wconf 76' lang='lat' dir='ltr'>corripi</span> <span class='ocrx_word' id='word_1_153' title='bbox 1203 1409 1210 1444; x_wconf 91' lang='lat'>;</span> <span class='ocrx_word' id='word_1_154' title='bbox 1239 1399 1380 1435; x_wconf 90' lang='lat' dir='ltr'>metro</span> <span class='ocrx_word' id='word_1_155' title='bbox 1399 1398 1549 1434; x_wconf 89' lang='lat' dir='ltr'>tamen</span> <span class='ocrx_word' id='word_1_156' title='bbox 1567 1394 1741 1433; x_wconf 89' lang='lat' dir='ltr'>iubente</span> <span class='ocrx_word' id='word_1_157' title='bbox 1758 1394 1960 1442; x_wconf 87' lang='lat' dir='ltr'>poterant</span> 
     </span>
     <span class='ocr_line' id='line_1_18' title="bbox 145 1463 1572 1518; baseline -0.005 -11"><span class='ocrx_word' id='word_1_158' title='bbox 145 1469 298 1507; x_wconf 87' lang='lat' dir='ltr'>breves</span> <span class='ocrx_word' id='word_1_159' title='bbox 330 1469 494 1518; x_wconf 85' lang='lat' dir='ltr'>haberi,</span> <span class='ocrx_word' id='word_1_160' title='bbox 529 1470 566 1508; x_wconf 86' lang='lat' dir='ltr'>si</span> <span class='ocrx_word' id='word_1_161' title='bbox 596 1479 730 1508; x_wconf 85' lang='lat' dir='ltr'>sonus</span> <span class='ocrx_word' id='word_1_162' title='bbox 762 1468 976 1516; x_wconf 89' lang='lat' dir='ltr'>posterior</span> <span class='ocrx_word' id='word_1_163' title='bbox 1009 1469 1102 1506; x_wconf 87' lang='lat' dir='ltr'>erat</span> <span class='ocrx_word' id='word_1_164' title='bbox 1134 1468 1153 1503; x_wconf 78' lang='grc' dir='ltr'><em>λ</em></span> <span class='ocrx_word' id='word_1_165' title='bbox 1186 1465 1255 1504; x_wconf 89' lang='lat' dir='ltr'>vel</span> <span class='ocrx_word' id='word_1_166' title='bbox 1288 1463 1356 1513; x_wconf 56' lang='grc' dir='ltr'>ρι’,</span> <span class='ocrx_word' id='word_1_167' title='bbox 1393 1474 1460 1502; x_wconf 82' lang='lat' dir='ltr'>ex.</span> <span class='ocrx_word' id='word_1_168' title='bbox 1489 1474 1572 1511; x_wconf 74' lang='lat' dir='ltr'>gr:</span> 
     </span>
    </p>
   </div>
   <div class='ocr_carea' id='block_1_4' title="bbox 143 1552 341 1555">
    <p class='ocr_par' dir='ltr' id='par_1_8' title="bbox 143 1552 341 1555">
     <span class='ocr_line' id='line_1_19' title="bbox 143 1552 341 1555; baseline 0 0"><span class='ocrx_word' id='word_1_169' title='bbox 143 1552 341 1555; x_wconf 95' lang='lat' dir='ltr'> </span> 
     </span>
    </p>
   </div>
   <div class='ocr_carea' id='block_1_5' title="bbox 345 1550 482 1555">
    <p class='ocr_par' dir='ltr' id='par_1_9' title="bbox 345 1550 482 1555">
     <span class='ocr_line' id='line_1_20' title="bbox 345 1550 482 1555; baseline 0 0"><span class='ocrx_word' id='word_1_170' title='bbox 345 1550 482 1555; x_wconf 95' lang='lat' dir='ltr'> </span> 
     </span>
    </p>
   </div>
   <div class='ocr_carea' id='block_1_6' title="bbox 239 1584 1959 1631">
    <p class='ocr_par' dir='ltr' id='par_1_10' title="bbox 239 1584 1959 1631">
     <span class='ocr_line' id='line_1_21' title="bbox 239 1584 1959 1631; baseline -0.004 -11"><span class='ocrx_word' id='word_1_171' title='bbox 239 1590 342 1621; x_wconf 86' lang='lat' dir='ltr'>aDas</span> <span class='ocrx_word' id='word_1_172' title='bbox 366 1591 504 1631; x_wconf 87' lang='lat' dir='ltr'>Princip</span> <span class='ocrx_word' id='word_1_173' title='bbox 529 1593 590 1622; x_wconf 89' lang='lat' dir='ltr'>der</span> <span class='ocrx_word' id='word_1_174' title='bbox 614 1592 879 1629; x_wconf 72' lang='lat' dir='ltr'>Silbenwiignng</span> <span class='ocrx_word' id='word_1_175' title='bbox 901 1591 971 1621; x_wconf 83' lang='lat' dir='ltr'>und</span> <span class='ocrx_word' id='word_1_176' title='bbox 994 1590 1049 1620; x_wconf 88' lang='lat' dir='ltr'>die</span> <span class='ocrx_word' id='word_1_177' title='bbox 1074 1589 1198 1619; x_wconf 84' lang='lat' dir='ltr'>daraus</span> <span class='ocrx_word' id='word_1_178' title='bbox 1223 1587 1515 1626; x_wconf 81' lang='lat' dir='ltr'>entspringenden</span> <span class='ocrx_word' id='word_1_179' title='bbox 1536 1586 1683 1616; x_wconf 84' lang='lat' dir='ltr'>Gesetze</span> <span class='ocrx_word' id='word_1_180' title='bbox 1698 1585 1759 1614; x_wconf 87' lang='lat' dir='ltr'>der</span> <span class='ocrx_word' id='word_1_181' title='bbox 1770 1584 1959 1614; x_wconf 86' lang='lat' dir='ltr'>Endsilben</span> 
     </span>
    </p>
   </div>
   <div class='ocr_carea' id='block_1_7' title="bbox 142 1637 1962 1797">
    <p class='ocr_par' dir='ltr' id='par_1_11' title="bbox 142 1637 1962 1797">
     <span class='ocr_line' id='line_1_22' title="bbox 142 1637 1960 1683; baseline -0.006 -8"><span class='ocrx_word' id='word_1_182' title='bbox 142 1644 177 1674; x_wconf 86' lang='lat' dir='ltr'>in</span> <span class='ocrx_word' id='word_1_183' title='bbox 201 1644 262 1674; x_wconf 88' lang='lat' dir='ltr'>der</span> <span class='ocrx_word' id='word_1_184' title='bbox 284 1654 334 1683; x_wconf 85' lang='lat' dir='ltr'>gr.</span> <span class='ocrx_word' id='word_1_185' title='bbox 358 1646 488 1680; x_wconf 82' lang='lat' dir='ltr'>Poesie‚</span> <span class='ocrx_word' id='word_1_186' title='bbox 516 1646 612 1675; x_wconf 86' lang='lat'>1879.</span> <span class='ocrx_word' id='word_1_187' title='bbox 801 1644 816 1674; x_wconf 87' lang='lat' dir='ltr'><em>b</em></span> <span class='ocrx_word' id='word_1_188' title='bbox 851 1644 890 1674; x_wconf 85' lang='lat' dir='ltr'>L.</span> <span class='ocrx_word' id='word_1_189' title='bbox 914 1644 934 1673; x_wconf 92' lang='lat' dir='ltr'>l.</span> <span class='ocrx_word' id='word_1_190' title='bbox 963 1645 1001 1673; x_wconf 87' lang='lat'>18</span> <span class='ocrx_word' id='word_1_191' title='bbox 1029 1645 1062 1673; x_wconf 86' lang='lat' dir='ltr'>et</span> <span class='ocrx_word' id='word_1_192' title='bbox 1087 1644 1139 1672; x_wconf 88' lang='lat'>20.</span> <span class='ocrx_word' id='word_1_193' title='bbox 1317 1650 1333 1670; x_wconf 84' lang='lat' dir='ltr'>c</span> <span class='ocrx_word' id='word_1_194' title='bbox 1357 1641 1448 1677; x_wconf 87' lang='lat' dir='ltr'>Ergo</span> <span class='ocrx_word' id='word_1_195' title='bbox 1475 1642 1505 1668; x_wconf 88' lang='grc' dir='ltr'><em>Χ</em></span> <span class='ocrx_word' id='word_1_196' title='bbox 1531 1640 1592 1668; x_wconf 90' lang='grc'>101</span> <span class='ocrx_word' id='word_1_197' title='bbox 1614 1640 1762 1668; x_wconf 83' lang='lat' dir='ltr'>metrum</span> <span class='ocrx_word' id='word_1_198' title='bbox 1788 1637 1960 1667; x_wconf 84' lang='lat' dir='ltr'>claudicat</span> 
     </span>
     <span class='ocr_line' id='line_1_23' title="bbox 143 1689 1960 1737; baseline -0.005 -10"><span class='ocrx_word' id='word_1_199' title='bbox 143 1697 209 1727; x_wconf 71' lang='lat' dir='ltr'>nisi</span> <span class='ocrx_word' id='word_1_200' title='bbox 240 1697 380 1727; x_wconf 78' lang='lat' dir='ltr'>additur</span> <span class='ocrx_word' id='word_1_201' title='bbox 411 1708 457 1727; x_wconf 71' lang='grc' dir='ltr'>-νζ</span> <span class='ocrx_word' id='word_1_202' title='bbox 491 1699 528 1727; x_wconf 83' lang='grc' dir='ltr'><em>ὄσ</em></span> <span class='ocrx_word' id='word_1_203' title='bbox 558 1698 587 1734; x_wconf 82' lang='grc' dir='ltr'>μ’</span> <span class='ocrx_word' id='word_1_204' title='bbox 617 1697 780 1735; x_wconf 46' lang='lat' dir='ltr'>heinmo&gt;</span> <span class='ocrx_word' id='word_1_205' title='bbox 811 1700 922 1737; x_wconf 77' lang='grc' dir='ltr'><em>Τρωσί.</em></span> <span class='ocrx_word' id='word_1_206' title='bbox 946 1695 1013 1726; x_wconf 85' lang='lat' dir='ltr'>Sed</span> <span class='ocrx_word' id='word_1_207' title='bbox 1036 1703 1154 1725; x_wconf 83' lang='lat' dir='ltr'>Verum</span> <span class='ocrx_word' id='word_1_208' title='bbox 1179 1694 1228 1724; x_wconf 85' lang='lat' dir='ltr'>ibi</span> <span class='ocrx_word' id='word_1_209' title='bbox 1250 1693 1386 1723; x_wconf 81' lang='lat' dir='ltr'>videtur</span> <span class='ocrx_word' id='word_1_210' title='bbox 1411 1691 1447 1722; x_wconf 87' lang='grc' dir='ltr'><em>ὃσ</em></span> <span class='ocrx_word' id='word_1_211' title='bbox 1475 1694 1595 1731; x_wconf 79' lang='grc' dir='ltr'><em>Τρωσίν</em></span> <span class='ocrx_word' id='word_1_212' title='bbox 1619 1691 1648 1726; x_wconf 80' lang='grc' dir='ltr'>μ’</span> <span class='ocrx_word' id='word_1_213' title='bbox 1675 1690 1790 1720; x_wconf 72' lang='grc' dir='ltr'>ἐκέλευε</span> <span class='ocrx_word' id='word_1_214' title='bbox 1814 1689 1960 1726; x_wconf 84' lang='lat' dir='ltr'>(Nauck)</span> 
     </span>
     <span class='ocr_line' id='line_1_24' title="bbox 145 1744 1962 1797; baseline -0.005 -17"><span class='ocrx_word' id='word_1_215' title='bbox 145 1752 222 1779; x_wconf 84' lang='lat' dir='ltr'>aut:</span> <span class='ocrx_word' id='word_1_216' title='bbox 248 1751 286 1779; x_wconf 84' lang='grc' dir='ltr'><em>ὅσ</em></span> <span class='ocrx_word' id='word_1_217' title='bbox 309 1762 347 1787; x_wconf 73' lang='grc' dir='ltr'>με</span> <span class='ocrx_word' id='word_1_218' title='bbox 375 1751 472 1797; x_wconf 71' lang='grc' dir='ltr'><em>Τρώο’</em></span> <span class='ocrx_word' id='word_1_219' title='bbox 499 1751 624 1780; x_wconf 58' lang='lat' dir='ltr'>axinus.</span> <span class='ocrx_word' id='word_1_220' title='bbox 875 1748 898 1778; x_wconf 89' lang='lat' dir='ltr'>d</span> <span class='ocrx_word' id='word_1_221' title='bbox 919 1749 992 1779; x_wconf 86' lang='lat' dir='ltr'>Non</span> <span class='ocrx_word' id='word_1_222' title='bbox 1016 1750 1110 1777; x_wconf 90' lang='lat' dir='ltr'>recte</span> <span class='ocrx_word' id='word_1_223' title='bbox 1137 1748 1242 1785; x_wconf 87' lang='lat' dir='ltr'>igitur</span> <span class='ocrx_word' id='word_1_224' title='bbox 1265 1746 1371 1776; x_wconf 82' lang='lat' dir='ltr'>habet</span> <span class='ocrx_word' id='word_1_225' title='bbox 1394 1754 1445 1774; x_wconf 90' lang='lat' dir='ltr'>ex.</span> <span class='ocrx_word' id='word_1_226' title='bbox 1470 1753 1522 1782; x_wconf 89' lang='lat' dir='ltr'>gr.</span> <span class='ocrx_word' id='word_1_227' title='bbox 1546 1744 1625 1773; x_wconf 88' lang='lat' dir='ltr'>Hes.</span> <span class='ocrx_word' id='word_1_228' title='bbox 1650 1744 1691 1772; x_wconf 86' lang='lat' dir='ltr'>fr.</span> <span class='ocrx_word' id='word_1_229' title='bbox 1720 1745 1782 1772; x_wconf 86' lang='grc'>166</span> <span class='ocrx_word' id='word_1_230' title='bbox 1807 1744 1905 1783; x_wconf 77' lang='grc' dir='ltr'><em>ἑτέρηι</em></span> <span class='ocrx_word' id='word_1_231' title='bbox 1929 1744 1962 1772; x_wconf 77' lang='grc' dir='ltr'>δὲ»</span> 
     </span>
    </p>
   </div>
   <div class='ocr_carea' id='block_1_8' title="bbox 145 1796 1972 3254">
    <p class='ocr_par' dir='ltr' id='par_1_12' title="bbox 145 1796 1971 2998">
     <span class='ocr_line' id='line_1_25' title="bbox 146 1796 1962 1844; baseline -0.003 -13"><span class='ocrx_word' id='word_1_232' title='bbox 146 1807 304 1842; x_wconf 78' lang='grc' dir='ltr'><em>σκῆπτρον</em></span> <span class='ocrx_word' id='word_1_233' title='bbox 328 1804 448 1844; x_wconf 76' lang='grc' dir='ltr'><em>ἀείραο,</em></span> <span class='ocrx_word' id='word_1_234' title='bbox 472 1803 538 1841; x_wconf 90' lang='lat' dir='ltr'>leg.</span> <span class='ocrx_word' id='word_1_235' title='bbox 563 1808 720 1842; x_wconf 74' lang='grc' dir='ltr'><em>σκῆπτρον</em></span> <span class='ocrx_word' id='word_1_236' title='bbox 745 1803 774 1832; x_wconf 84' lang='grc' dir='ltr'>δ’</span> <span class='ocrx_word' id='word_1_237' title='bbox 803 1803 944 1842; x_wconf 74' lang='grc' dir='ltr'><em>ἑ·ιέρηφιν</em></span> <span class='ocrx_word' id='word_1_238' title='bbox 968 1803 1087 1842; x_wconf 71' lang='grc' dir='ltr'><em>ἀείραο,</em></span> <span class='ocrx_word' id='word_1_239' title='bbox 1112 1801 1163 1830; x_wconf 86' lang='lat' dir='ltr'>vel</span> <span class='ocrx_word' id='word_1_240' title='bbox 1187 1796 1428 1830; x_wconf 83' lang='lat' dir='ltr'>huiuscemodi</span> <span class='ocrx_word' id='word_1_241' title='bbox 1450 1797 1684 1828; x_wconf 85' lang='lat' dir='ltr'>coniecturae:</span> <span class='ocrx_word' id='word_1_242' title='bbox 1713 1800 1736 1825; x_wconf 90' lang='grc'><strong>0</strong></span> <span class='ocrx_word' id='word_1_243' title='bbox 1760 1797 1824 1826; x_wconf 84' lang='grc'>626</span> <span class='ocrx_word' id='word_1_244' title='bbox 1848 1796 1962 1832; x_wconf 72' lang='grc' dir='ltr'><em>ἀνέμου</em></span> 
     </span>
     <span class='ocr_line' id='line_1_26' title="bbox 147 1849 1960 1894; baseline -0.004 -10"><span class='ocrx_word' id='word_1_245' title='bbox 147 1855 180 1885; x_wconf 75' lang='grc' dir='ltr'>δὲ</span> <span class='ocrx_word' id='word_1_246' title='bbox 215 1855 337 1893; x_wconf 62' lang='grc' dir='ltr'><em>δῘεινὸσ</em></span> <span class='ocrx_word' id='word_1_247' title='bbox 371 1857 470 1893; x_wconf 79' lang='grc' dir='ltr'><em>ἀήτησ</em></span> <span class='ocrx_word' id='word_1_248' title='bbox 504 1864 566 1894; x_wconf 88' lang='lat' dir='ltr'>pro</span> <span class='ocrx_word' id='word_1_249' title='bbox 597 1856 722 1891; x_wconf 75' lang='grc' dir='ltr'>ἀνέμοιο</span> <span class='ocrx_word' id='word_1_250' title='bbox 756 1855 789 1884; x_wconf 80' lang='grc' dir='ltr'>δὲ</span> <span class='ocrx_word' id='word_1_251' title='bbox 819 1855 921 1884; x_wconf 73' lang='grc' dir='ltr'><em>δεινὸσ</em></span> <span class='ocrx_word' id='word_1_252' title='bbox 951 1855 989 1888; x_wconf 69' lang='grc' dir='ltr'>ἀ,</span> <span class='ocrx_word' id='word_1_253' title='bbox 1020 1859 1040 1893; x_wconf 68' lang='grc' dir='ltr'>ρ’</span> <span class='ocrx_word' id='word_1_254' title='bbox 1071 1855 1110 1882; x_wconf 87' lang='grc'>66</span> <span class='ocrx_word' id='word_1_255' title='bbox 1144 1857 1228 1882; x_wconf 70' lang='grc' dir='ltr'>θεῶν</span> <span class='ocrx_word' id='word_1_256' title='bbox 1260 1852 1293 1881; x_wconf 78' lang='grc' dir='ltr'>δὲ</span> <span class='ocrx_word' id='word_1_257' title='bbox 1322 1852 1462 1889; x_wconf 56' lang='grc' dir='ltr'><em>δῙείσατε</em></span> <span class='ocrx_word' id='word_1_258' title='bbox 1494 1855 1584 1887; x_wconf 75' lang='grc' dir='ltr'><em>μῆνιν</em></span> <span class='ocrx_word' id='word_1_259' title='bbox 1616 1857 1677 1887; x_wconf 87' lang='lat' dir='ltr'>pro</span> <span class='ocrx_word' id='word_1_260' title='bbox 1708 1852 1792 1878; x_wconf 77' lang='grc' dir='ltr'>θεῶν</span> <span class='ocrx_word' id='word_1_261' title='bbox 1824 1849 1855 1878; x_wconf 79' lang='grc' dir='ltr'>δ’</span> <span class='ocrx_word' id='word_1_262' title='bbox 1887 1851 1960 1878; x_wconf 78' lang='grc' dir='ltr'><em>ὑπο-</em></span> 
     </span>
     <span class='ocr_line' id='line_1_27' title="bbox 146 1901 1962 1947; baseline -0.004 -9"><span class='ocrx_word' id='word_1_263' title='bbox 146 1908 268 1938; x_wconf 80' lang='grc' dir='ltr'><em>δείσατε</em></span> <span class='ocrx_word' id='word_1_264' title='bbox 302 1920 343 1944; x_wconf 88' lang='grc' dir='ltr'>μ.,</span> <span class='ocrx_word' id='word_1_265' title='bbox 379 1920 394 1938; x_wconf 93' lang='grc' dir='ltr'><em>ο</em></span> <span class='ocrx_word' id='word_1_266' title='bbox 419 1910 483 1938; x_wconf 80' lang='grc'>444</span> <span class='ocrx_word' id='word_1_267' title='bbox 521 1907 591 1945; x_wconf 79' lang='grc' dir='ltr'><em>ὗμιν</em></span> <span class='ocrx_word' id='word_1_268' title='bbox 625 1908 658 1937; x_wconf 74' lang='grc' dir='ltr'>δὲ</span> <span class='ocrx_word' id='word_1_269' title='bbox 688 1907 837 1947; x_wconf 74' lang='grc' dir='ltr'><em>φράσσετ’</em></span> <span class='ocrx_word' id='word_1_270' title='bbox 874 1907 1006 1947; x_wconf 72' lang='grc' dir='ltr'><em>ὄλεθρον</em></span> <span class='ocrx_word' id='word_1_271' title='bbox 1034 1914 1096 1944; x_wconf 92' lang='lat' dir='ltr'>pro</span> <span class='ocrx_word' id='word_1_272' title='bbox 1126 1903 1195 1941; x_wconf 72' lang='grc' dir='ltr'><em>ὗμιν</em></span> <span class='ocrx_word' id='word_1_273' title='bbox 1219 1904 1248 1933; x_wconf 70' lang='grc' dir='ltr'>δ’</span> <span class='ocrx_word' id='word_1_274' title='bbox 1276 1906 1376 1942; x_wconf 75' lang='grc' dir='ltr'><em>δηιφρ.</em></span> <span class='ocrx_word' id='word_1_275' title='bbox 1402 1903 1426 1932; x_wconf 78' lang='grc' dir='ltr'>ὅ.</span> <span class='ocrx_word' id='word_1_276' title='bbox 1619 1911 1635 1930; x_wconf 85' lang='lat' dir='ltr'>e</span> <span class='ocrx_word' id='word_1_277' title='bbox 1658 1901 1709 1930; x_wconf 78' lang='lat' dir='ltr'>Ad</span> <span class='ocrx_word' id='word_1_278' title='bbox 1735 1901 1962 1939; x_wconf 81' lang='lat' dir='ltr'>Tryphiodor.</span> 
     </span>
     <span class='ocr_line' id='line_1_28' title="bbox 149 1954 1962 1999; baseline -0.004 -10"><span class='ocrx_word' id='word_1_279' title='bbox 149 1960 210 1989; x_wconf 89' lang='grc'>173</span> <span class='ocrx_word' id='word_1_280' title='bbox 247 1967 340 1998; x_wconf 86' lang='lat' dir='ltr'>sqq.;</span> <span class='ocrx_word' id='word_1_281' title='bbox 377 1960 485 1999; x_wconf 81' lang='lat' dir='ltr'>recipi</span> <span class='ocrx_word' id='word_1_282' title='bbox 520 1959 627 1998; x_wconf 85' lang='lat' dir='ltr'>igitur</span> <span class='ocrx_word' id='word_1_283' title='bbox 651 1962 829 1996; x_wconf 83' lang='lat' dir='ltr'>nequeunt</span> <span class='ocrx_word' id='word_1_284' title='bbox 852 1959 916 1988; x_wconf 88' lang='lat' dir='ltr'>hae</span> <span class='ocrx_word' id='word_1_285' title='bbox 940 1959 1178 1988; x_wconf 87' lang='lat' dir='ltr'>coniecturae:</span> <span class='ocrx_word' id='word_1_286' title='bbox 1206 1960 1237 1986; x_wconf 88' lang='grc' dir='ltr'><em>Ν</em></span> <span class='ocrx_word' id='word_1_287' title='bbox 1258 1957 1320 1985; x_wconf 88' lang='grc'><strong>738</strong></span> <span class='ocrx_word' id='word_1_288' title='bbox 1347 1957 1373 1985; x_wconf 78' lang='grc' dir='ltr'><em>οἳ</em></span> <span class='ocrx_word' id='word_1_289' title='bbox 1395 1956 1450 1991; x_wconf 74' lang='grc' dir='ltr'>μὲν</span> <span class='ocrx_word' id='word_1_290' title='bbox 1475 1956 1647 1992; x_wconf 79' lang='grc' dir='ltr'><em>ἀφεστᾶσιν</em></span> <span class='ocrx_word' id='word_1_291' title='bbox 1671 1955 1726 1983; x_wconf 78' lang='grc' dir='ltr'><em>σὺν</em></span> <span class='ocrx_word' id='word_1_292' title='bbox 1751 1954 1893 1993; x_wconf 73' lang='grc' dir='ltr'><em>ὄχεσφιν.</em></span> <span class='ocrx_word' id='word_1_293' title='bbox 1916 1955 1962 1983; x_wconf 80' lang='grc' dir='ltr'>τοὶ</span> 
     </span>
     <span class='ocr_line' id='line_1_29' title="bbox 145 2006 1962 2051; baseline -0.003 -10"><span class='ocrx_word' id='word_1_294' title='bbox 145 2013 179 2042; x_wconf 75' lang='grc' dir='ltr'>δὲ</span> <span class='ocrx_word' id='word_1_295' title='bbox 201 2015 360 2050; x_wconf 72' lang='grc' dir='ltr'><em>μάχονται</em></span> <span class='ocrx_word' id='word_1_296' title='bbox 381 2022 444 2051; x_wconf 83' lang='lat' dir='ltr'>pro</span> <span class='ocrx_word' id='word_1_297' title='bbox 469 2015 524 2043; x_wconf 76' lang='grc' dir='ltr'><em>σὺν</em></span> <span class='ocrx_word' id='word_1_298' title='bbox 547 2016 690 2050; x_wconf 74' lang='grc' dir='ltr'>τεύχεσιν</span> <span class='ocrx_word' id='word_1_299' title='bbox 712 2014 748 2047; x_wconf 81' lang='grc' dir='ltr'><em>οἳ,</em></span> <span class='ocrx_word' id='word_1_300' title='bbox 776 2015 808 2040; x_wconf 85' lang='grc' dir='ltr'><em>Η</em></span> <span class='ocrx_word' id='word_1_301' title='bbox 831 2012 894 2041; x_wconf 87' lang='grc'>277</span> <span class='ocrx_word' id='word_1_302' title='bbox 919 2012 1035 2047; x_wconf 82' lang='grc' dir='ltr'><em>μέσσωι</em></span> <span class='ocrx_word' id='word_1_303' title='bbox 1061 2011 1090 2040; x_wconf 80' lang='grc' dir='ltr'>δ’</span> <span class='ocrx_word' id='word_1_304' title='bbox 1119 2009 1302 2049; x_wconf 78' lang='grc' dir='ltr'><em>ἀμφοτέρων</em></span> <span class='ocrx_word' id='word_1_305' title='bbox 1327 2008 1453 2047; x_wconf 81' lang='grc' dir='ltr'><strong><em>σκῆπτρ’</em></strong></span> <span class='ocrx_word' id='word_1_306' title='bbox 1482 2008 1587 2045; x_wconf 75' lang='grc' dir='ltr'><em>ἔσχον,</em></span> <span class='ocrx_word' id='word_1_307' title='bbox 1606 2006 1705 2044; x_wconf 67' lang='lat' dir='ltr'>‘seins&#39;</span> <span class='ocrx_word' id='word_1_308' title='bbox 1729 2017 1761 2035; x_wconf 80' lang='grc' dir='ltr'>τε</span> <span class='ocrx_word' id='word_1_309' title='bbox 1782 2010 1888 2042; x_wconf 74' lang='grc' dir='ltr'><em>μῦθον</em></span> <span class='ocrx_word' id='word_1_310' title='bbox 1900 2014 1962 2044; x_wconf 89' lang='lat' dir='ltr'>pro</span> 
     </span>
     <span class='ocr_line' id='line_1_30' title="bbox 147 2060 1964 2105; baseline -0.004 -10"><span class='ocrx_word' id='word_1_311' title='bbox 147 2066 285 2104; x_wconf 73' lang='grc' dir='ltr'><em>ἴσχεθον</em></span> <span class='ocrx_word' id='word_1_312' title='bbox 318 2062 392 2099; x_wconf 80' lang='grc' dir='ltr'>εἶπε,</span> <span class='ocrx_word' id='word_1_313' title='bbox 425 2069 458 2095; x_wconf 77' lang='grc' dir='ltr'><em>Ψ</em></span> <span class='ocrx_word' id='word_1_314' title='bbox 479 2067 540 2095; x_wconf 87' lang='grc'><strong>’741</strong></span> <span class='ocrx_word' id='word_1_315' title='bbox 568 2067 719 2105; x_wconf 76' lang='grc' dir='ltr'>ἀργύρεον</span> <span class='ocrx_word' id='word_1_316' title='bbox 742 2065 863 2105; x_wconf 77' lang='grc' dir='ltr'><em>κρητῆρ’</em></span> <span class='ocrx_word' id='word_1_317' title='bbox 893 2065 924 2093; x_wconf 81' lang='grc' dir='ltr'>ἐῢ</span> <span class='ocrx_word' id='word_1_318' title='bbox 947 2066 1068 2093; x_wconf 71' lang='grc' dir='ltr'><em>τυκτάν·</em></span> <span class='ocrx_word' id='word_1_319' title='bbox 1091 2062 1147 2100; x_wconf 51' lang='grc' dir='ltr'>[ἐξ</span> <span class='ocrx_word' id='word_1_320' title='bbox 1171 2062 1202 2091; x_wconf 79' lang='lat'>‹5‘</span> <span class='ocrx_word' id='word_1_321' title='bbox 1230 2062 1292 2101; x_wconf 75' lang='grc' dir='ltr'>ἄρα</span> <span class='ocrx_word' id='word_1_322' title='bbox 1310 2062 1409 2100; x_wconf 78' lang='grc' dir='ltr'><em>μέτρα</em></span> <span class='ocrx_word' id='word_1_323' title='bbox 1432 2067 1495 2098; x_wconf 88' lang='lat' dir='ltr'>pro</span> <span class='ocrx_word' id='word_1_324' title='bbox 1519 2061 1587 2099; x_wconf 80' lang='grc' dir='ltr'>ἂργ.</span> <span class='ocrx_word' id='word_1_325' title='bbox 1611 2064 1747 2100; x_wconf 80' lang='grc' dir='ltr'><em>κρητῆρα</em></span> <span class='ocrx_word' id='word_1_326' title='bbox 1770 2060 1964 2095; x_wconf 64' lang='grc' dir='ltr'><em>τετυγμένον</em></span> 
     </span>
     <span class='ocr_line' id='line_1_31' title="bbox 148 2111 1964 2156; baseline -0.004 -8"><span class='ocrx_word' id='word_1_327' title='bbox 148 2118 187 2153; x_wconf 75' lang='grc' dir='ltr'>ἓξ,</span> <span class='ocrx_word' id='word_1_328' title='bbox 211 2122 237 2148; x_wconf 77' lang='grc' dir='ltr'><em>Σ</em></span> <span class='ocrx_word' id='word_1_329' title='bbox 259 2119 323 2148; x_wconf 88' lang='grc'>583</span> <span class='ocrx_word' id='word_1_330' title='bbox 348 2120 462 2156; x_wconf 68' lang='grc' dir='ltr'><em>ἔγκατα</em></span> <span class='ocrx_word' id='word_1_331' title='bbox 487 2120 538 2147; x_wconf 78' lang='grc' dir='ltr'>καὶ</span> <span class='ocrx_word' id='word_1_332' title='bbox 557 2121 653 2154; x_wconf 76' lang='grc' dir='ltr'><em>μέλαν</em></span> <span class='ocrx_word' id='word_1_333' title='bbox 677 2115 753 2153; x_wconf 76' lang='grc' dir='ltr'><strong><em>αἷμα</em></strong></span> <span class='ocrx_word' id='word_1_334' title='bbox 774 2118 958 2155; x_wconf 71' lang='grc' dir='ltr'><em>’λάφυσοον</em></span> <span class='ocrx_word' id='word_1_335' title='bbox 988 2117 1034 2145; x_wconf 83' lang='grc' dir='ltr'><em>τοὶ</em></span> <span class='ocrx_word' id='word_1_336' title='bbox 1058 2116 1091 2145; x_wconf 72' lang='grc' dir='ltr'>δὲ</span> <span class='ocrx_word' id='word_1_337' title='bbox 1114 2120 1227 2152; x_wconf 76' lang='grc' dir='ltr'><em>νομῆεσ</em></span> <span class='ocrx_word' id='word_1_338' title='bbox 1252 2122 1313 2152; x_wconf 89' lang='lat' dir='ltr'>pro</span> <span class='ocrx_word' id='word_1_339' title='bbox 1333 2113 1551 2152; x_wconf 69' lang='grc' dir='ltr'><em>’λαφύσσετον</em></span> <span class='ocrx_word' id='word_1_340' title='bbox 1576 2113 1612 2146; x_wconf 77' lang='grc' dir='ltr'><em>οἳ,</em></span> <span class='ocrx_word' id='word_1_341' title='bbox 1638 2121 1660 2140; x_wconf 81' lang='lat' dir='ltr'>rt</span> <span class='ocrx_word' id='word_1_342' title='bbox 1686 2112 1748 2141; x_wconf 87' lang='lat'>385</span> <span class='ocrx_word' id='word_1_343' title='bbox 1774 2111 1964 2148; x_wconf 76' lang='grc' dir='ltr'><em>δασσάμενοι</em></span> 
     </span>
     <span class='ocr_line' id='line_1_32' title="bbox 147 2165 1963 2211; baseline -0.004 -10"><span class='ocrx_word' id='word_1_344' title='bbox 147 2172 227 2201; x_wconf 75' lang='grc' dir='ltr'><em>κατὰ</em></span> <span class='ocrx_word' id='word_1_345' title='bbox 251 2177 362 2211; x_wconf 73' lang='grc' dir='ltr'><em>μοῖραν</em></span> <span class='ocrx_word' id='word_1_346' title='bbox 385 2171 428 2210; x_wconf 71' lang='grc' dir='ltr'>ἐφ’</span> <span class='ocrx_word' id='word_1_347' title='bbox 469 2169 561 2208; x_wconf 77' lang='grc' dir='ltr'><em>ἦμασ,</em></span> <span class='ocrx_word' id='word_1_348' title='bbox 584 2173 691 2208; x_wconf 68' lang='lat' dir='ltr'>fornia</span> <span class='ocrx_word' id='word_1_349' title='bbox 716 2170 747 2199; x_wconf 74' lang='grc' dir='ltr'>δ’</span> <span class='ocrx_word' id='word_1_350' title='bbox 776 2167 848 2199; x_wconf 81' lang='grc' dir='ltr'><em>αὖτε</em></span> <span class='ocrx_word' id='word_1_351' title='bbox 873 2178 934 2207; x_wconf 89' lang='lat' dir='ltr'>pro</span> <span class='ocrx_word' id='word_1_352' title='bbox 961 2169 1068 2206; x_wconf 70' lang='grc' dir='ltr'><em>ἧμέασ,</em></span> <span class='ocrx_word' id='word_1_353' title='bbox 1093 2168 1186 2197; x_wconf 78' lang='grc' dir='ltr'><em>οἰκία.</em></span> <span class='ocrx_word' id='word_1_354' title='bbox 1387 2165 1418 2205; x_wconf 89' lang='lat' dir='ltr'><em>f</em></span> <span class='ocrx_word' id='word_1_355' title='bbox 1440 2167 1474 2194; x_wconf 78' lang='grc' dir='ltr'><em>Α</em></span> <span class='ocrx_word' id='word_1_356' title='bbox 1500 2165 1562 2194; x_wconf 89' lang='grc'>551</span> <span class='ocrx_word' id='word_1_357' title='bbox 1591 2167 1617 2193; x_wconf 88' lang='grc' dir='ltr'><em>Β</em></span> <span class='ocrx_word' id='word_1_358' title='bbox 1643 2165 1706 2194; x_wconf 77' lang='grc'>522</span> <span class='ocrx_word' id='word_1_359' title='bbox 1730 2166 1759 2192; x_wconf 86' lang='grc' dir='ltr'><em>Λ</em></span> <span class='ocrx_word' id='word_1_360' title='bbox 1787 2165 1827 2194; x_wconf 90' lang='grc'>83</span> <span class='ocrx_word' id='word_1_361' title='bbox 1852 2168 1874 2193; x_wconf 71' lang='grc' dir='ltr'><em>Σ</em></span> <span class='ocrx_word' id='word_1_362' title='bbox 1900 2165 1963 2194; x_wconf 74' lang='lat'>400</span> 
     </span>
     <span class='ocr_line' id='line_1_33' title="bbox 149 2215 1965 2259; baseline -0.005 -5"><span class='ocrx_word' id='word_1_363' title='bbox 149 2226 185 2254; x_wconf 85' lang='grc' dir='ltr'><em>Φ</em></span> <span class='ocrx_word' id='word_1_364' title='bbox 221 2225 283 2254; x_wconf 87' lang='grc'>126</span> <span class='ocrx_word' id='word_1_365' title='bbox 322 2227 356 2254; x_wconf 77' lang='grc' dir='ltr'>Ψ</span> <span class='ocrx_word' id='word_1_366' title='bbox 399 2222 462 2253; x_wconf 81' lang='grc'>259</span> <span class='ocrx_word' id='word_1_367' title='bbox 498 2225 514 2259; x_wconf 80' lang='grc' dir='ltr'><em>ζ</em></span> <span class='ocrx_word' id='word_1_368' title='bbox 547 2224 588 2253; x_wconf 85' lang='grc'>93</span> <span class='ocrx_word' id='word_1_369' title='bbox 625 2233 647 2252; x_wconf 80' lang='lat' dir='ltr'>n</span> <span class='ocrx_word' id='word_1_370' title='bbox 681 2224 745 2252; x_wconf 66' lang='lat'>435</span> <span class='ocrx_word' id='word_1_371' title='bbox 782 2234 797 2251; x_wconf 81' lang='grc' dir='ltr'><em>τ</em></span> <span class='ocrx_word' id='word_1_372' title='bbox 829 2223 892 2252; x_wconf 84' lang='grc'>576</span> <span class='ocrx_word' id='word_1_373' title='bbox 925 2235 947 2250; x_wconf 88' lang='grc' dir='ltr'>ω</span> <span class='ocrx_word' id='word_1_374' title='bbox 980 2222 1043 2251; x_wconf 70' lang='grc'>364</span> <span class='ocrx_word' id='word_1_375' title='bbox 1069 2221 1125 2256; x_wconf 84' lang='lat' dir='ltr'>al.,</span> <span class='ocrx_word' id='word_1_376' title='bbox 1149 2220 1294 2257; x_wconf 88' lang='lat' dir='ltr'>Hilberg</span> <span class='ocrx_word' id='word_1_377' title='bbox 1318 2219 1374 2248; x_wconf 91' lang='lat' dir='ltr'>l.l.</span> <span class='ocrx_word' id='word_1_378' title='bbox 1404 2219 1465 2248; x_wconf 86' lang='lat'>112</span> <span class='ocrx_word' id='word_1_379' title='bbox 1490 2226 1583 2254; x_wconf 90' lang='lat' dir='ltr'>sqq.;</span> <span class='ocrx_word' id='word_1_380' title='bbox 1608 2215 1693 2246; x_wconf 84' lang='lat' dir='ltr'>vitio</span> <span class='ocrx_word' id='word_1_381' title='bbox 1718 2217 1824 2253; x_wconf 87' lang='lat' dir='ltr'>igitur</span> <span class='ocrx_word' id='word_1_382' title='bbox 1847 2218 1965 2246; x_wconf 84' lang='lat' dir='ltr'>carent</span> 
     </span>
     <span class='ocr_line' id='line_1_34' title="bbox 149 2271 1966 2314; baseline -0.005 -7"><span class='ocrx_word' id='word_1_383' title='bbox 149 2278 251 2306; x_wconf 78' lang='lat' dir='ltr'>etiam</span> <span class='ocrx_word' id='word_1_384' title='bbox 290 2277 376 2306; x_wconf 81' lang='lat' dir='ltr'>haec</span> <span class='ocrx_word' id='word_1_385' title='bbox 416 2280 449 2306; x_wconf 83' lang='lat' dir='ltr'>et</span> <span class='ocrx_word' id='word_1_386' title='bbox 488 2275 614 2306; x_wconf 86' lang='lat' dir='ltr'>similia</span> <span class='ocrx_word' id='word_1_387' title='bbox 648 2275 885 2306; x_wconf 75' lang='lat' dir='ltr'>hemistichia:</span> <span class='ocrx_word' id='word_1_388' title='bbox 923 2278 958 2304; x_wconf 88' lang='lat' dir='ltr'><em>H</em></span> <span class='ocrx_word' id='word_1_389' title='bbox 990 2275 1053 2304; x_wconf 77' lang='lat'>467</span> <span class='ocrx_word' id='word_1_390' title='bbox 1092 2273 1251 2314; x_wconf 75' lang='grc' dir='ltr'>παρέσταν</span> <span class='ocrx_word' id='word_1_391' title='bbox 1288 2278 1396 2310; x_wconf 66' lang='lat' dir='ltr'>fulvor</span> <span class='ocrx_word' id='word_1_392' title='bbox 1430 2271 1572 2308; x_wconf 84' lang='grc' dir='ltr'><em>ἄγουσαι,</em></span> <span class='ocrx_word' id='word_1_393' title='bbox 1607 2282 1615 2299; x_wconf 89' lang='grc' dir='ltr'><em>ι</em></span> <span class='ocrx_word' id='word_1_394' title='bbox 1651 2271 1714 2300; x_wconf 87' lang='grc'>530</span> <span class='ocrx_word' id='word_1_395' title='bbox 1748 2273 1966 2310; x_wconf 72' lang='grc' dir='ltr'><em>πτολίπορθον</em></span> 
     </span>
     <span class='ocr_line' id='line_1_35' title="bbox 148 2321 1966 2368; baseline -0.005 -8"><span class='ocrx_word' id='word_1_396' title='bbox 148 2329 278 2368; x_wconf 66' lang='lat' dir='ltr'>foixoed&#39;</span> <span class='ocrx_word' id='word_1_397' title='bbox 314 2329 452 2364; x_wconf 74' lang='grc' dir='ltr'><em>ἱκέσθαι,</em></span> <span class='ocrx_word' id='word_1_398' title='bbox 484 2342 500 2367; x_wconf 85' lang='grc' dir='ltr'><em>η</em></span> <span class='ocrx_word' id='word_1_399' title='bbox 533 2330 596 2359; x_wconf 85' lang='grc'>326</span> <span class='ocrx_word' id='word_1_400' title='bbox 629 2331 679 2359; x_wconf 80' lang='grc' dir='ltr'>καὶ</span> <span class='ocrx_word' id='word_1_401' title='bbox 710 2330 850 2358; x_wconf 68' lang='grc' dir='ltr'><em>ἄνυσσαν</em></span> <span class='ocrx_word' id='word_1_402' title='bbox 881 2328 1011 2366; x_wconf 66' lang='lat' dir='ltr'>soixad’</span> <span class='ocrx_word' id='word_1_403' title='bbox 1047 2329 1179 2360; x_wconf 76' lang='grc' dir='ltr'><em>ὀπίσσω,</em></span> <span class='ocrx_word' id='word_1_404' title='bbox 1202 2329 1217 2355; x_wconf 85' lang='grc' dir='ltr'><em>λ</em></span> <span class='ocrx_word' id='word_1_405' title='bbox 1241 2326 1305 2355; x_wconf 81' lang='lat'>484</span> <span class='ocrx_word' id='word_1_406' title='bbox 1341 2326 1419 2354; x_wconf 77' lang='grc' dir='ltr'><em>ἔτιον</em></span> <span class='ocrx_word' id='word_1_407' title='bbox 1450 2329 1527 2361; x_wconf 56' lang='grc' dir='ltr'><em>[ἴσα</em></span> <span class='ocrx_word' id='word_1_408' title='bbox 1551 2327 1666 2356; x_wconf 74' lang='grc' dir='ltr'><em>θεοῖσι,</em></span> <span class='ocrx_word' id='word_1_409' title='bbox 1688 2332 1710 2351; x_wconf 82' lang='grc' dir='ltr'><em>π</em></span> <span class='ocrx_word' id='word_1_410' title='bbox 1735 2323 1798 2352; x_wconf 87' lang='grc'><strong>375</strong></span> <span class='ocrx_word' id='word_1_411' title='bbox 1824 2323 1867 2361; x_wconf 77' lang='grc' dir='ltr'>ἐφ’</span> <span class='ocrx_word' id='word_1_412' title='bbox 1897 2321 1966 2360; x_wconf 74' lang='grc' dir='ltr'><em>ἧμιν</em></span> 
     </span>
     <span class='ocr_line' id='line_1_36' title="bbox 149 2374 1961 2421; baseline -0.004 -11"><span class='ocrx_word' id='word_1_413' title='bbox 149 2386 233 2421; x_wconf 54' lang='grc' dir='ltr'>Ῐῆρα</span> <span class='ocrx_word' id='word_1_414' title='bbox 262 2381 401 2421; x_wconf 78' lang='grc' dir='ltr'><em>φέρουσι,</em></span> <span class='ocrx_word' id='word_1_415' title='bbox 435 2393 451 2411; x_wconf 89' lang='grc' dir='ltr'><em>ο</em></span> <span class='ocrx_word' id='word_1_416' title='bbox 483 2383 545 2412; x_wconf 86' lang='grc'>431</span> <span class='ocrx_word' id='word_1_417' title='bbox 575 2382 626 2419; x_wconf 77' lang='grc' dir='ltr'>ἅμ’</span> <span class='ocrx_word' id='word_1_418' title='bbox 663 2381 732 2420; x_wconf 75' lang='grc' dir='ltr'><em>ἧμιν</em></span> <span class='ocrx_word' id='word_1_419' title='bbox 763 2381 891 2420; x_wconf 74' lang='lat' dir='ltr'>foixad&#39;</span> <span class='ocrx_word' id='word_1_420' title='bbox 927 2383 1023 2414; x_wconf 73' lang='grc' dir='ltr'><em>ἕποιο,</em></span> <span class='ocrx_word' id='word_1_421' title='bbox 1051 2381 1084 2409; x_wconf 78' lang='grc' dir='ltr'><em>Α</em></span> <span class='ocrx_word' id='word_1_422' title='bbox 1111 2380 1173 2408; x_wconf 85' lang='grc'><strong>579</strong></span> <span class='ocrx_word' id='word_1_423' title='bbox 1206 2380 1261 2408; x_wconf 77' lang='grc' dir='ltr'><em>σὺν</em></span> <span class='ocrx_word' id='word_1_424' title='bbox 1285 2378 1317 2407; x_wconf 71' lang='grc' dir='ltr'>δ’</span> <span class='ocrx_word' id='word_1_425' title='bbox 1346 2376 1416 2415; x_wconf 78' lang='grc' dir='ltr'><em>ἥμιν</em></span> <span class='ocrx_word' id='word_1_426' title='bbox 1440 2377 1530 2406; x_wconf 84' lang='grc' dir='ltr'><em>δαῖτα</em></span> <span class='ocrx_word' id='word_1_427' title='bbox 1554 2374 1691 2416; x_wconf 76' lang='grc' dir='ltr'><em>ταράξηι,</em></span> <span class='ocrx_word' id='word_1_428' title='bbox 1718 2387 1740 2404; x_wconf 89' lang='grc' dir='ltr'>ω</span> <span class='ocrx_word' id='word_1_429' title='bbox 1765 2375 1827 2404; x_wconf 86' lang='grc'><strong>387</strong></span> <span class='ocrx_word' id='word_1_430' title='bbox 1852 2377 1907 2404; x_wconf 77' lang='grc' dir='ltr'><em>σὺν</em></span> <span class='ocrx_word' id='word_1_431' title='bbox 1931 2375 1961 2404; x_wconf 87' lang='grc' dir='ltr'>δ’</span> 
     </span>
     <span class='ocr_line' id='line_1_37' title="bbox 150 2427 1967 2473; baseline -0.003 -10"><span class='ocrx_word' id='word_1_432' title='bbox 150 2430 216 2464; x_wconf 65' lang='lat' dir='ltr'>vieo</span> <span class='ocrx_word' id='word_1_433' title='bbox 239 2439 303 2463; x_wconf 85' lang='grc' dir='ltr'><em>τοῖο</em></span> <span class='ocrx_word' id='word_1_434' title='bbox 328 2434 484 2473; x_wconf 81' lang='grc' dir='ltr'><em>γέροντοσ,</em></span> <span class='ocrx_word' id='word_1_435' title='bbox 509 2435 525 2464; x_wconf 84' lang='grc' dir='ltr'><em>δ</em></span> <span class='ocrx_word' id='word_1_436' title='bbox 547 2435 609 2464; x_wconf 87' lang='grc'>531</span> <span class='ocrx_word' id='word_1_437' title='bbox 633 2435 749 2471; x_wconf 67' lang='grc' dir='ltr'><strong><em>ἄνωγεν</em></strong></span> <span class='ocrx_word' id='word_1_438' title='bbox 773 2435 863 2464; x_wconf 70' lang='grc' dir='ltr'><em>δαῖτα</em></span> <span class='ocrx_word' id='word_1_439' title='bbox 887 2436 1050 2462; x_wconf 74' lang='grc' dir='ltr'><em>πένεσθαι.</em></span> <span class='ocrx_word' id='word_1_440' title='bbox 1192 2441 1213 2470; x_wconf 77' lang='grc'><em>9</em></span> <span class='ocrx_word' id='word_1_441' title='bbox 1238 2431 1332 2461; x_wconf 79' lang='lat' dir='ltr'>Muta</span> <span class='ocrx_word' id='word_1_442' title='bbox 1356 2430 1469 2459; x_wconf 86' lang='lat' dir='ltr'>finalis</span> <span class='ocrx_word' id='word_1_443' title='bbox 1494 2438 1570 2459; x_wconf 87' lang='lat' dir='ltr'>cum</span> <span class='ocrx_word' id='word_1_444' title='bbox 1596 2428 1728 2466; x_wconf 90' lang='lat' dir='ltr'>liquida</span> <span class='ocrx_word' id='word_1_445' title='bbox 1751 2427 1876 2458; x_wconf 86' lang='lat' dir='ltr'>initiali</span> <span class='ocrx_word' id='word_1_446' title='bbox 1900 2437 1967 2458; x_wconf 91' lang='lat' dir='ltr'>non</span> 
     </span>
     <span class='ocr_line' id='line_1_38' title="bbox 151 2479 1968 2525; baseline -0.004 -8"><span class='ocrx_word' id='word_1_447' title='bbox 151 2485 220 2516; x_wconf 83' lang='lat' dir='ltr'>nisi</span> <span class='ocrx_word' id='word_1_448' title='bbox 250 2485 286 2516; x_wconf 90' lang='lat' dir='ltr'>in</span> <span class='ocrx_word' id='word_1_449' title='bbox 311 2487 567 2525; x_wconf 82' lang='lat' dir='ltr'>praepositione</span> <span class='ocrx_word' id='word_1_450' title='bbox 591 2489 623 2516; x_wconf 79' lang='grc' dir='ltr'>ἐκ</span> <span class='ocrx_word' id='word_1_451' title='bbox 647 2490 783 2525; x_wconf 85' lang='lat' dir='ltr'>poterat</span> <span class='ocrx_word' id='word_1_452' title='bbox 807 2494 1023 2521; x_wconf 86' lang='lat' dir='ltr'>concurrere,</span> <span class='ocrx_word' id='word_1_453' title='bbox 1045 2493 1096 2514; x_wconf 84' lang='lat' dir='ltr'>ex.</span> <span class='ocrx_word' id='word_1_454' title='bbox 1120 2493 1169 2521; x_wconf 86' lang='lat' dir='ltr'>gr.</span> <span class='ocrx_word' id='word_1_455' title='bbox 1194 2485 1301 2521; x_wconf 82' lang='grc' dir='ltr'><em>μάχησ</em></span> <span class='ocrx_word' id='word_1_456' title='bbox 1326 2482 1358 2512; x_wconf 79' lang='grc' dir='ltr'>ἔκ</span> <span class='ocrx_word' id='word_1_457' title='bbox 1381 2487 1578 2519; x_wconf 76' lang='grc' dir='ltr'><em>νοοτησαντε.</em></span> <span class='ocrx_word' id='word_1_458' title='bbox 1605 2479 1805 2510; x_wconf 80' lang='lat' dir='ltr'>Cuiusmodi</span> <span class='ocrx_word' id='word_1_459' title='bbox 1828 2481 1913 2510; x_wconf 81' lang='lat' dir='ltr'>locis</span> <span class='ocrx_word' id='word_1_460' title='bbox 1936 2483 1968 2510; x_wconf 76' lang='grc' dir='ltr'>ἐκ</span> 
     </span>
     <span class='ocr_line' id='line_1_39' title="bbox 151 2532 1971 2577; baseline -0.004 -8"><span class='ocrx_word' id='word_1_461' title='bbox 151 2539 292 2577; x_wconf 88' lang='lat' dir='ltr'>longum</span> <span class='ocrx_word' id='word_1_462' title='bbox 314 2548 452 2577; x_wconf 78' lang='lat' dir='ltr'>semper</span> <span class='ocrx_word' id='word_1_463' title='bbox 475 2542 528 2569; x_wconf 85' lang='lat' dir='ltr'>est</span> <span class='ocrx_word' id='word_1_464' title='bbox 551 2540 718 2576; x_wconf 86' lang='lat' dir='ltr'>habitum,</span> <span class='ocrx_word' id='word_1_465' title='bbox 743 2541 845 2570; x_wconf 87' lang='lat' dir='ltr'>etiam</span> <span class='ocrx_word' id='word_1_466' title='bbox 870 2541 903 2568; x_wconf 91' lang='lat' dir='ltr'>in</span> <span class='ocrx_word' id='word_1_467' title='bbox 928 2537 1026 2576; x_wconf 82' lang='lat' dir='ltr'>poesi</span> <span class='ocrx_word' id='word_1_468' title='bbox 1051 2537 1177 2567; x_wconf 83' lang='lat' dir='ltr'>Attica.</span> <span class='ocrx_word' id='word_1_469' title='bbox 1317 2535 1337 2564; x_wconf 84' lang='lat' dir='ltr'>lz</span> <span class='ocrx_word' id='word_1_470' title='bbox 1363 2533 1524 2566; x_wconf 87' lang='lat' dir='ltr'>Acumini</span> <span class='ocrx_word' id='word_1_471' title='bbox 1548 2534 1696 2564; x_wconf 85' lang='lat' dir='ltr'>Dawesii</span> <span class='ocrx_word' id='word_1_472' title='bbox 1718 2534 1862 2564; x_wconf 82' lang='lat' dir='ltr'>Miscell.</span> <span class='ocrx_word' id='word_1_473' title='bbox 1888 2532 1971 2563; x_wconf 89' lang='lat' dir='ltr'>Crit.</span> 
     </span>
     <span class='ocr_line' id='line_1_40' title="bbox 153 2586 1967 2631; baseline -0.004 -9"><span class='ocrx_word' id='word_1_474' title='bbox 153 2593 239 2623; x_wconf 80' lang='lat'>1745</span> <span class='ocrx_word' id='word_1_475' title='bbox 271 2594 354 2622; x_wconf 87' lang='lat' dir='ltr'>sect.</span> <span class='ocrx_word' id='word_1_476' title='bbox 385 2592 412 2622; x_wconf 90' lang='lat' dir='ltr'><strong>V</strong></span> <span class='ocrx_word' id='word_1_477' title='bbox 442 2592 507 2622; x_wconf 87' lang='lat' dir='ltr'>hoc</span> <span class='ocrx_word' id='word_1_478' title='bbox 534 2595 757 2631; x_wconf 82' lang='lat' dir='ltr'>praeceptum</span> <span class='ocrx_word' id='word_1_479' title='bbox 782 2592 938 2622; x_wconf 87' lang='lat' dir='ltr'>debetur.</span> <span class='ocrx_word' id='word_1_480' title='bbox 964 2590 1028 2626; x_wconf 84' lang='lat' dir='ltr'>Qui</span> <span class='ocrx_word' id='word_1_481' title='bbox 1052 2589 1088 2619; x_wconf 85' lang='lat' dir='ltr'>in</span> <span class='ocrx_word' id='word_1_482' title='bbox 1113 2589 1354 2627; x_wconf 79' lang='lat' dir='ltr'>Aristophanis</span> <span class='ocrx_word' id='word_1_483' title='bbox 1377 2586 1505 2618; x_wconf 85' lang='lat' dir='ltr'>fabulis</span> <span class='ocrx_word' id='word_1_484' title='bbox 1529 2596 1596 2616; x_wconf 90' lang='lat' dir='ltr'>non</span> <span class='ocrx_word' id='word_1_485' title='bbox 1619 2588 1813 2624; x_wconf 87' lang='lat' dir='ltr'>congruunt</span> <span class='ocrx_word' id='word_1_486' title='bbox 1836 2594 1967 2621; x_wconf 85' lang='lat' dir='ltr'>versus,</span> 
     </span>
     <span class='ocr_line' id='line_1_41' title="bbox 150 2633 1967 2684; baseline -0.005 -9"><span class='ocrx_word' id='word_1_487' title='bbox 150 2644 278 2684; x_wconf 83' lang='lat' dir='ltr'>partim</span> <span class='ocrx_word' id='word_1_488' title='bbox 302 2644 345 2674; x_wconf 79' lang='lat' dir='ltr'>ad</span> <span class='ocrx_word' id='word_1_489' title='bbox 370 2643 491 2683; x_wconf 79' lang='lat' dir='ltr'>opicae</span> <span class='ocrx_word' id='word_1_490' title='bbox 514 2646 709 2683; x_wconf 83' lang='lat' dir='ltr'>tragicaeve</span> <span class='ocrx_word' id='word_1_491' title='bbox 733 2645 893 2674; x_wconf 84' lang='lat' dir='ltr'>dictionis</span> <span class='ocrx_word' id='word_1_492' title='bbox 912 2642 1142 2673; x_wconf 86' lang='lat' dir='ltr'>imitationem</span> <span class='ocrx_word' id='word_1_493' title='bbox 1166 2643 1246 2671; x_wconf 87' lang='lat' dir='ltr'>sunt</span> <span class='ocrx_word' id='word_1_494' title='bbox 1270 2640 1491 2670; x_wconf 80' lang='lat' dir='ltr'>conformati:</span> <span class='ocrx_word' id='word_1_495' title='bbox 1513 2639 1574 2677; x_wconf 88' lang='lat' dir='ltr'>Eq.</span> <span class='ocrx_word' id='word_1_496' title='bbox 1598 2639 1684 2668; x_wconf 89' lang='lat'>1178</span> <span class='ocrx_word' id='word_1_497' title='bbox 1708 2633 1967 2678; x_wconf 55' lang='grc' dir='ltr'><em>ὲοβριμοπᾶτρα,</em></span> 
     </span>
     <span class='ocr_line' id='line_1_42' title="bbox 151 2687 1969 2736; baseline -0.006 -8"><span class='ocrx_word' id='word_1_498' title='bbox 151 2698 230 2736; x_wconf 78' lang='lat' dir='ltr'>Lys.</span> <span class='ocrx_word' id='word_1_499' title='bbox 263 2698 339 2734; x_wconf 80' lang='lat'>742,</span> <span class='ocrx_word' id='word_1_500' title='bbox 370 2699 446 2734; x_wconf 85' lang='lat'>833,</span> <span class='ocrx_word' id='word_1_501' title='bbox 474 2697 568 2727; x_wconf 87' lang='lat' dir='ltr'>Eccl.</span> <span class='ocrx_word' id='word_1_502' title='bbox 600 2699 662 2727; x_wconf 83' lang='lat'>369</span> <span class='ocrx_word' id='word_1_503' title='bbox 695 2695 817 2731; x_wconf 56' lang='grc' dir='ltr'>πότνια,</span> <span class='ocrx_word' id='word_1_504' title='bbox 848 2695 928 2725; x_wconf 87' lang='lat' dir='ltr'>Pac.</span> <span class='ocrx_word' id='word_1_505' title='bbox 962 2696 1023 2725; x_wconf 87' lang='lat'>140</span> <span class='ocrx_word' id='word_1_506' title='bbox 1056 2687 1163 2734; x_wconf 58' lang='grc' dir='ltr'><em>ὑγρόν,</em></span> <span class='ocrx_word' id='word_1_507' title='bbox 1193 2694 1331 2723; x_wconf 82' lang='lat' dir='ltr'>Thesm.</span> <span class='ocrx_word' id='word_1_508' title='bbox 1364 2694 1427 2723; x_wconf 88' lang='lat'>859</span> <span class='ocrx_word' id='word_1_509' title='bbox 1459 2695 1585 2732; x_wconf 76' lang='grc' dir='ltr'><em>πᾶτρίσ,</em></span> <span class='ocrx_word' id='word_1_510' title='bbox 1614 2691 1740 2729; x_wconf 87' lang='lat' dir='ltr'>partim</span> <span class='ocrx_word' id='word_1_511' title='bbox 1774 2688 1969 2723; x_wconf 69' lang='lat' dir='ltr'>corrigendi</span> 
     </span>
     <span class='ocr_line' id='line_1_43' title="bbox 154 2742 1970 2790; baseline -0.006 -10"><span class='ocrx_word' id='word_1_512' title='bbox 154 2752 248 2780; x_wconf 78' lang='lat' dir='ltr'>sunt:</span> <span class='ocrx_word' id='word_1_513' title='bbox 271 2748 349 2779; x_wconf 77' lang='lat' dir='ltr'>Pae.</span> <span class='ocrx_word' id='word_1_514' title='bbox 374 2751 458 2780; x_wconf 85' lang='lat'>1201</span> <span class='ocrx_word' id='word_1_515' title='bbox 480 2750 572 2780; x_wconf 76' lang='lat' dir='ltr'>Plut.</span> <span class='ocrx_word' id='word_1_516' title='bbox 594 2751 678 2780; x_wconf 88' lang='grc'><strong>1019</strong></span> <span class='ocrx_word' id='word_1_517' title='bbox 700 2751 858 2790; x_wconf 75' lang='grc' dir='ltr'>δρᾶχμᾰν,</span> <span class='ocrx_word' id='word_1_518' title='bbox 880 2750 981 2787; x_wconf 79' lang='lat' dir='ltr'>Vesp.</span> <span class='ocrx_word' id='word_1_519' title='bbox 1005 2748 1065 2778; x_wconf 89' lang='grc'>151</span> <span class='ocrx_word' id='word_1_520' title='bbox 1089 2750 1243 2781; x_wconf 70' lang='grc' dir='ltr'><em>Κᾶπνιόυ,</em></span> <span class='ocrx_word' id='word_1_521' title='bbox 1263 2747 1326 2782; x_wconf 73' lang='lat' dir='ltr'>EQ.</span> <span class='ocrx_word' id='word_1_522' title='bbox 1348 2746 1411 2776; x_wconf 82' lang='lat'>207</span> <span class='ocrx_word' id='word_1_523' title='bbox 1433 2751 1564 2783; x_wconf 78' lang='grc' dir='ltr'><em>μᾶκρον,</em></span> <span class='ocrx_word' id='word_1_524' title='bbox 1584 2744 1672 2774; x_wconf 86' lang='lat' dir='ltr'>Nub.</span> <span class='ocrx_word' id='word_1_525' title='bbox 1695 2742 1778 2772; x_wconf 78' lang='lat'>1468</span> <span class='ocrx_word' id='word_1_526' title='bbox 1794 2745 1970 2782; x_wconf 76' lang='grc' dir='ltr'><em>πᾶτρωίων,</em></span> 
     </span>
     <span class='ocr_line' id='line_1_44' title="bbox 154 2791 1967 2843; baseline -0.004 -11"><span class='ocrx_word' id='word_1_527' title='bbox 154 2802 293 2833; x_wconf 79' lang='lat' dir='ltr'>Thesm.</span> <span class='ocrx_word' id='word_1_528' title='bbox 324 2803 409 2832; x_wconf 84' lang='lat'>1184</span> <span class='ocrx_word' id='word_1_529' title='bbox 441 2798 614 2843; x_wconf 62' lang='grc' dir='ltr'><em>τυγάτριον,</em></span> <span class='ocrx_word' id='word_1_530' title='bbox 638 2802 725 2832; x_wconf 83' lang='lat' dir='ltr'>Nub.</span> <span class='ocrx_word' id='word_1_531' title='bbox 747 2803 809 2832; x_wconf 84' lang='lat'>869</span> <span class='ocrx_word' id='word_1_532' title='bbox 835 2805 1033 2842; x_wconf 77' lang='grc' dir='ltr'><em>κρεμᾶθρῶν,</em></span> <span class='ocrx_word' id='word_1_533' title='bbox 1058 2802 1118 2830; x_wconf 81' lang='lat' dir='ltr'>AV.</span> <span class='ocrx_word' id='word_1_534' title='bbox 1144 2800 1205 2829; x_wconf 87' lang='lat'>591</span> <span class='ocrx_word' id='word_1_535' title='bbox 1231 2804 1356 2837; x_wconf 80' lang='grc' dir='ltr'><em>κῖχλῶν,</em></span> <span class='ocrx_word' id='word_1_536' title='bbox 1379 2800 1438 2827; x_wconf 84' lang='lat' dir='ltr'>AV.</span> <span class='ocrx_word' id='word_1_537' title='bbox 1464 2796 1525 2829; x_wconf 80' lang='grc'>579</span> <span class='ocrx_word' id='word_1_538' title='bbox 1551 2791 1663 2836; x_wconf 55' lang='lat' dir='ltr'>&amp;ream</span> <span class='ocrx_word' id='word_1_539' title='bbox 1689 2793 1828 2831; x_wconf 78' lang='lat' dir='ltr'>Tragici</span> <span class='ocrx_word' id='word_1_540' title='bbox 1852 2796 1967 2824; x_wconf 82' lang='lat' dir='ltr'>autem</span> 
     </span>
     <span class='ocr_line' id='line_1_45' title="bbox 153 2848 1970 2895; baseline -0.006 -10"><span class='ocrx_word' id='word_1_541' title='bbox 153 2857 276 2895; x_wconf 86' lang='lat' dir='ltr'>poetae</span> <span class='ocrx_word' id='word_1_542' title='bbox 307 2854 460 2893; x_wconf 78' lang='lat' dir='ltr'>priscum</span> <span class='ocrx_word' id='word_1_543' title='bbox 493 2864 621 2885; x_wconf 88' lang='lat' dir='ltr'>morem</span> <span class='ocrx_word' id='word_1_544' title='bbox 653 2855 708 2884; x_wconf 86' lang='lat' dir='ltr'>hic</span> <span class='ocrx_word' id='word_1_545' title='bbox 739 2855 810 2884; x_wconf 87' lang='lat' dir='ltr'>illic</span> <span class='ocrx_word' id='word_1_546' title='bbox 839 2857 920 2884; x_wconf 89' lang='lat' dir='ltr'>sunt</span> <span class='ocrx_word' id='word_1_547' title='bbox 943 2852 1071 2888; x_wconf 82' lang='lat' dir='ltr'>secuti3</span> <span class='ocrx_word' id='word_1_548' title='bbox 1097 2852 1190 2891; x_wconf 86' lang='lat' dir='ltr'>apud</span> <span class='ocrx_word' id='word_1_549' title='bbox 1213 2851 1420 2888; x_wconf 81' lang='lat' dir='ltr'>Aeschylum</span> <span class='ocrx_word' id='word_1_550' title='bbox 1448 2859 1499 2879; x_wconf 85' lang='lat' dir='ltr'>ex.</span> <span class='ocrx_word' id='word_1_551' title='bbox 1523 2858 1572 2886; x_wconf 88' lang='lat' dir='ltr'>gr.</span> <span class='ocrx_word' id='word_1_552' title='bbox 1595 2848 1807 2885; x_wconf 79' lang='lat' dir='ltr'>octogesimo</span> <span class='ocrx_word' id='word_1_553' title='bbox 1833 2855 1970 2884; x_wconf 89' lang='lat' dir='ltr'>quoque</span> 
     </span>
     <span class='ocr_line' id='line_1_46' title="bbox 154 2901 1971 2946; baseline -0.005 -9"><span class='ocrx_word' id='word_1_554' title='bbox 154 2916 257 2938; x_wconf 81' lang='lat' dir='ltr'>versu</span> <span class='ocrx_word' id='word_1_555' title='bbox 289 2908 486 2946; x_wconf 86' lang='lat' dir='ltr'>exemplum</span> <span class='ocrx_word' id='word_1_556' title='bbox 516 2908 661 2937; x_wconf 87' lang='lat' dir='ltr'>huiusce</span> <span class='ocrx_word' id='word_1_557' title='bbox 686 2907 922 2945; x_wconf 72' lang='lat' dir='ltr'>productionis</span> <span class='ocrx_word' id='word_1_558' title='bbox 946 2906 1131 2940; x_wconf 85' lang='lat' dir='ltr'>invenitur,</span> <span class='ocrx_word' id='word_1_559' title='bbox 1154 2904 1357 2943; x_wconf 82' lang='lat' dir='ltr'>praesertim</span> <span class='ocrx_word' id='word_1_560' title='bbox 1382 2904 1415 2932; x_wconf 91' lang='lat' dir='ltr'>in</span> <span class='ocrx_word' id='word_1_561' title='bbox 1439 2901 1582 2931; x_wconf 86' lang='lat' dir='ltr'>vocibus</span> <span class='ocrx_word' id='word_1_562' title='bbox 1606 2901 1712 2929; x_wconf 73' lang='grc' dir='ltr'><em>τέκνον</em></span> <span class='ocrx_word' id='word_1_563' title='bbox 1736 2902 1769 2928; x_wconf 89' lang='lat' dir='ltr'>et</span> <span class='ocrx_word' id='word_1_564' title='bbox 1792 2902 1913 2939; x_wconf 78' lang='grc' dir='ltr'><em>πατρόο</em></span> <span class='ocrx_word' id='word_1_565' title='bbox 1937 2901 1971 2929; x_wconf 87' lang='lat' dir='ltr'>et</span> 
     </span>
     <span class='ocr_line' id='line_1_47' title="bbox 155 2950 1970 2998; baseline -0.007 -7"><span class='ocrx_word' id='word_1_566' title='bbox 155 2960 190 2990; x_wconf 88' lang='lat' dir='ltr'>in</span> <span class='ocrx_word' id='word_1_567' title='bbox 220 2960 386 2990; x_wconf 80' lang='lat' dir='ltr'>obsoletis</span> <span class='ocrx_word' id='word_1_568' title='bbox 416 2961 546 2998; x_wconf 84' lang='lat' dir='ltr'>aliquot</span> <span class='ocrx_word' id='word_1_569' title='bbox 577 2959 768 2995; x_wconf 83' lang='lat' dir='ltr'>vocabulis,</span> <span class='ocrx_word' id='word_1_570' title='bbox 800 2959 902 2997; x_wconf 88' lang='lat' dir='ltr'>quale</span> <span class='ocrx_word' id='word_1_571' title='bbox 934 2961 987 2988; x_wconf 83' lang='lat' dir='ltr'>est</span> <span class='ocrx_word' id='word_1_572' title='bbox 1016 2958 1188 2998; x_wconf 70' lang='grc' dir='ltr'><em>μέλαθρον,</em></span> <span class='ocrx_word' id='word_1_573' title='bbox 1218 2957 1349 2986; x_wconf 79' lang='lat' dir='ltr'>Tucker</span> <span class='ocrx_word' id='word_1_574' title='bbox 1384 2955 1492 2985; x_wconf 82' lang='lat' dir='ltr'>Class.</span> <span class='ocrx_word' id='word_1_575' title='bbox 1521 2950 1657 2983; x_wconf 83' lang='lat' dir='ltr'>Review</span> <span class='ocrx_word' id='word_1_576' title='bbox 1684 2951 1780 2986; x_wconf 85' lang='lat'>1897,</span> <span class='ocrx_word' id='word_1_577' title='bbox 1806 2951 1868 2980; x_wconf 76' lang='lat'>341</span> <span class='ocrx_word' id='word_1_578' title='bbox 1894 2959 1970 2988; x_wconf 84' lang='lat' dir='ltr'>sqq.</span> 
     </span>
    </p>

    <p class='ocr_par' dir='ltr' id='par_1_13' title="bbox 157 3003 1972 3207">
     <span class='ocr_line' id='line_1_48' title="bbox 287 3003 1970 3051; baseline -0.007 -8"><span class='ocrx_word' id='word_1_579' title='bbox 287 3012 301 3042; x_wconf 81' lang='lat' dir='ltr'>i</span> <span class='ocrx_word' id='word_1_580' title='bbox 322 3013 421 3042; x_wconf 81' lang='lat' dir='ltr'>Ratio</span> <span class='ocrx_word' id='word_1_581' title='bbox 445 3015 513 3042; x_wconf 85' lang='lat' dir='ltr'>est:</span> <span class='ocrx_word' id='word_1_582' title='bbox 539 3015 558 3042; x_wconf 82' lang='lat'>4</span> <span class='ocrx_word' id='word_1_583' title='bbox 583 3012 619 3042; x_wconf 89' lang='lat' dir='ltr'>in</span> <span class='ocrx_word' id='word_1_584' title='bbox 643 3014 710 3042; x_wconf 83' lang='lat' dir='ltr'>arsi</span> <span class='ocrx_word' id='word_1_585' title='bbox 732 3011 763 3051; x_wconf 84' lang='lat' dir='ltr'>ll</span> <span class='ocrx_word' id='word_1_586' title='bbox 786 3013 819 3041; x_wconf 88' lang='lat' dir='ltr'>in</span> <span class='ocrx_word' id='word_1_587' title='bbox 839 3012 940 3041; x_wconf 85' lang='lat' dir='ltr'>thesi.</span> <span class='ocrx_word' id='word_1_588' title='bbox 1065 3010 1087 3050; x_wconf 80' lang='lat' dir='ltr'><em>j</em></span> <span class='ocrx_word' id='word_1_589' title='bbox 1109 3009 1223 3040; x_wconf 86' lang='lat' dir='ltr'>Attica</span> <span class='ocrx_word' id='word_1_590' title='bbox 1244 3018 1331 3047; x_wconf 87' lang='lat' dir='ltr'>quae</span> <span class='ocrx_word' id='word_1_591' title='bbox 1351 3009 1494 3038; x_wconf 84' lang='lat' dir='ltr'>vocatur</span> <span class='ocrx_word' id='word_1_592' title='bbox 1514 3005 1686 3043; x_wconf 84' lang='lat' dir='ltr'>correptio</span> <span class='ocrx_word' id='word_1_593' title='bbox 1706 3003 1741 3033; x_wconf 88' lang='lat' dir='ltr'>in</span> <span class='ocrx_word' id='word_1_594' title='bbox 1761 3003 1970 3033; x_wconf 81' lang='lat' dir='ltr'>carminibus</span> 
     </span>
     <span class='ocr_line' id='line_1_49' title="bbox 157 3054 1971 3103; baseline -0.006 -10"><span class='ocrx_word' id='word_1_595' title='bbox 157 3064 263 3102; x_wconf 84' lang='lat' dir='ltr'>epicis</span> <span class='ocrx_word' id='word_1_596' title='bbox 283 3063 456 3094; x_wconf 85' lang='lat' dir='ltr'>invenitur</span> <span class='ocrx_word' id='word_1_597' title='bbox 477 3067 554 3095; x_wconf 83' lang='lat' dir='ltr'>ante</span> <span class='ocrx_word' id='word_1_598' title='bbox 575 3074 676 3095; x_wconf 81' lang='lat' dir='ltr'>sonos</span> <span class='ocrx_word' id='word_1_599' title='bbox 695 3068 746 3099; x_wconf 78' lang='grc' dir='ltr'>πλ,</span> <span class='ocrx_word' id='word_1_600' title='bbox 766 3068 810 3098; x_wconf 67' lang='lat' dir='ltr'>ni,</span> <span class='ocrx_word' id='word_1_601' title='bbox 829 3067 879 3102; x_wconf 87' lang='grc' dir='ltr'>χλ,</span> <span class='ocrx_word' id='word_1_602' title='bbox 898 3067 948 3103; x_wconf 77' lang='grc' dir='ltr'>βρ,</span> <span class='ocrx_word' id='word_1_603' title='bbox 966 3063 1013 3103; x_wconf 84' lang='grc' dir='ltr'>ὁρ,</span> <span class='ocrx_word' id='word_1_604' title='bbox 1034 3073 1086 3102; x_wconf 77' lang='grc' dir='ltr'>πρ,</span> <span class='ocrx_word' id='word_1_605' title='bbox 1106 3074 1153 3103; x_wconf 81' lang='grc' dir='ltr'>κρ,</span> <span class='ocrx_word' id='word_1_606' title='bbox 1176 3073 1221 3101; x_wconf 81' lang='grc' dir='ltr'>τρ,</span> <span class='ocrx_word' id='word_1_607' title='bbox 1241 3073 1295 3102; x_wconf 82' lang='grc' dir='ltr'>φρ,</span> <span class='ocrx_word' id='word_1_608' title='bbox 1316 3072 1367 3101; x_wconf 82' lang='grc' dir='ltr'>χρ,</span> <span class='ocrx_word' id='word_1_609' title='bbox 1389 3063 1441 3099; x_wconf 73' lang='grc' dir='ltr'>θρ.</span> <span class='ocrx_word' id='word_1_610' title='bbox 1462 3059 1590 3089; x_wconf 85' lang='lat' dir='ltr'>Vitium</span> <span class='ocrx_word' id='word_1_611' title='bbox 1611 3058 1711 3087; x_wconf 83' lang='lat' dir='ltr'>sonat</span> <span class='ocrx_word' id='word_1_612' title='bbox 1729 3054 1823 3085; x_wconf 87' lang='lat' dir='ltr'>vocis</span> <span class='ocrx_word' id='word_1_613' title='bbox 1843 3059 1971 3094; x_wconf 73' lang='grc' dir='ltr'><em>σχετλίη</em></span> 
     </span>
     <span class='ocr_line' id='line_1_50' title="bbox 157 3108 1971 3156; baseline -0.005 -11"><span class='ocrx_word' id='word_1_614' title='bbox 157 3116 288 3152; x_wconf 80' lang='lat' dir='ltr'>syllaba</span> <span class='ocrx_word' id='word_1_615' title='bbox 308 3118 418 3156; x_wconf 84' lang='lat' dir='ltr'>prima</span> <span class='ocrx_word' id='word_1_616' title='bbox 437 3119 593 3155; x_wconf 88' lang='lat' dir='ltr'>correpta</span> <span class='ocrx_word' id='word_1_617' title='bbox 615 3120 645 3147; x_wconf 85' lang='grc' dir='ltr'><em>Γ</em></span> <span class='ocrx_word' id='word_1_618' title='bbox 666 3119 744 3153; x_wconf 76' lang='grc'><strong>414;</strong></span> <span class='ocrx_word' id='word_1_619' title='bbox 768 3119 902 3146; x_wconf 85' lang='lat' dir='ltr'>ceterae</span> <span class='ocrx_word' id='word_1_620' title='bbox 922 3114 1122 3144; x_wconf 84' lang='lat' dir='ltr'>huiusmodi</span> <span class='ocrx_word' id='word_1_621' title='bbox 1142 3112 1378 3152; x_wconf 79' lang='lat' dir='ltr'>correptiones</span> <span class='ocrx_word' id='word_1_622' title='bbox 1398 3113 1458 3141; x_wconf 84' lang='lat' dir='ltr'>aut</span> <span class='ocrx_word' id='word_1_623' title='bbox 1479 3109 1617 3140; x_wconf 83' lang='lat' dir='ltr'>omnino</span> <span class='ocrx_word' id='word_1_624' title='bbox 1638 3118 1656 3138; x_wconf 85' lang='lat' dir='ltr'>a</span> <span class='ocrx_word' id='word_1_625' title='bbox 1680 3108 1822 3138; x_wconf 87' lang='lat' dir='ltr'>Graecis</span> <span class='ocrx_word' id='word_1_626' title='bbox 1844 3108 1971 3137; x_wconf 83' lang='lat' dir='ltr'>vitatae</span> 
     </span>
     <span class='ocr_line' id='line_1_51' title="bbox 158 3160 1972 3207; baseline -0.004 -11"><span class='ocrx_word' id='word_1_627' title='bbox 158 3170 248 3203; x_wconf 83' lang='lat' dir='ltr'>sunt,</span> <span class='ocrx_word' id='word_1_628' title='bbox 272 3172 332 3198; x_wconf 83' lang='lat' dir='ltr'>aut</span> <span class='ocrx_word' id='word_1_629' title='bbox 353 3170 388 3198; x_wconf 86' lang='lat' dir='ltr'>in</span> <span class='ocrx_word' id='word_1_630' title='bbox 412 3168 512 3207; x_wconf 89' lang='lat' dir='ltr'>epica</span> <span class='ocrx_word' id='word_1_631' title='bbox 537 3172 628 3199; x_wconf 87' lang='lat' dir='ltr'>certe</span> <span class='ocrx_word' id='word_1_632' title='bbox 651 3168 749 3207; x_wconf 81' lang='lat' dir='ltr'>poesi</span> <span class='ocrx_word' id='word_1_633' title='bbox 773 3177 840 3198; x_wconf 88' lang='lat' dir='ltr'>non</span> <span class='ocrx_word' id='word_1_634' title='bbox 864 3170 990 3198; x_wconf 80' lang='lat' dir='ltr'>extant.</span> <span class='ocrx_word' id='word_1_635' title='bbox 1013 3165 1061 3196; x_wconf 90' lang='lat' dir='ltr'>De</span> <span class='ocrx_word' id='word_1_636' title='bbox 1081 3165 1252 3205; x_wconf 85' lang='lat' dir='ltr'>positione</span> <span class='ocrx_word' id='word_1_637' title='bbox 1271 3163 1376 3195; x_wconf 84' lang='lat' dir='ltr'>debili</span> <span class='ocrx_word' id='word_1_638' title='bbox 1399 3163 1621 3201; x_wconf 79' lang='lat' dir='ltr'>disputarunt</span> <span class='ocrx_word' id='word_1_639' title='bbox 1639 3162 1812 3191; x_wconf 80' lang='lat' dir='ltr'>Hermann</span> <span class='ocrx_word' id='word_1_640' title='bbox 1834 3160 1972 3198; x_wconf 87' lang='lat' dir='ltr'>Orphic.</span> 
     </span>
    </p>

    <p class='ocr_par' dir='ltr' id='par_1_14' title="bbox 269 3219 1864 3254">
     <span class='ocr_line' id='line_1_52' title="bbox 269 3219 1864 3254; baseline -0.001 -2"><span class='ocrx_word' id='word_1_641' title='bbox 269 3225 337 3253; x_wconf 88' lang='lat' dir='ltr'>Van</span> <span class='ocrx_word' id='word_1_642' title='bbox 356 3226 526 3254; x_wconf 86' lang='lat' dir='ltr'>Leeuwen.</span> <span class='ocrx_word' id='word_1_643' title='bbox 544 3225 782 3253; x_wconf 86' lang='lat' dir='ltr'>Enchiridium.</span> <span class='ocrx_word' id='word_1_644' title='bbox 1847 3219 1864 3246; x_wconf 81' lang='grc'><strong>7</strong></span> 
     </span>
    </p>
   </div>
  </div>
 </body>
</html>
