<?xml version="1.0" encoding="UTF-8"?>
<!DOCTYPE html PUBLIC "-//W3C//DTD XHTML 1.0 Transitional//EN"
    "http://www.w3.org/TR/xhtml1/DTD/xhtml1-transitional.dtd">
<html xmlns="http://www.w3.org/1999/xhtml" xml:lang="en" lang="en">
 <head>
  <title>
</title>
<meta http-equiv="Content-Type" content="text/html;charset=utf-8" />
  <meta name='ocr-system' content='tesseract 3.04.00' />
  <meta name='ocr-capabilities' content='ocr_page ocr_carea ocr_par ocr_line ocrx_word'/>
</head>
<body>
  <div class='ocr_page' id='page_1' title='image "./enchiridiumdicti00leeuuoft_0036.png"; bbox 0 0 2234 3443; ppageno 0'>
   <div class='ocr_carea' id='block_1_1' title="bbox 266 142 1304 179">
    <p class='ocr_par' dir='ltr' id='par_1_1' title="bbox 266 142 1304 179">
     <span class='ocr_line' id='line_1_1' title="bbox 266 142 1304 179; baseline 0 0"><span class='ocrx_word' id='word_1_1' title='bbox 266 142 316 179; x_wconf 82' lang='lat'>12</span> <span class='ocrx_word' id='word_1_2' title='bbox 1047 151 1304 179; x_wconf 72' lang='lat' dir='ltr'>PRAEFA‘rio.</span> 
     </span>
    </p>
   </div>
   <div class='ocr_carea' id='block_1_2' title="bbox 255 263 2088 982">
    <p class='ocr_par' dir='ltr' id='par_1_2' title="bbox 255 263 2088 982">
     <span class='ocr_line' id='line_1_2' title="bbox 378 263 2082 316; baseline 0.004 -15"><span class='ocrx_word' id='word_1_3' title='bbox 378 263 513 302; x_wconf 86' lang='lat' dir='ltr'>Primi</span> <span class='ocrx_word' id='word_1_4' title='bbox 549 263 682 311; x_wconf 88' lang='lat' dir='ltr'>igitur</span> <span class='ocrx_word' id='word_1_5' title='bbox 724 266 928 302; x_wconf 86' lang='lat' dir='ltr'>cantores</span> <span class='ocrx_word' id='word_1_6' title='bbox 958 264 1116 303; x_wconf 86' lang='lat' dir='ltr'>Achivi</span> <span class='ocrx_word' id='word_1_7' title='bbox 1147 267 1196 302; x_wconf 94' lang='lat' dir='ltr'>ut</span> <span class='ocrx_word' id='word_1_8' title='bbox 1226 266 1356 303; x_wconf 87' lang='lat' dir='ltr'>notas</span> <span class='ocrx_word' id='word_1_9' title='bbox 1388 264 1620 304; x_wconf 83' lang='lat' dir='ltr'>habuerint</span> <span class='ocrx_word' id='word_1_10' title='bbox 1649 266 1833 316; x_wconf 80' lang='lat' dir='ltr'>litteras,</span> <span class='ocrx_word' id='word_1_11' title='bbox 1867 268 1920 306; x_wconf 89' lang='lat' dir='ltr'>ad</span> <span class='ocrx_word' id='word_1_12' title='bbox 1951 278 2082 316; x_wconf 89' lang='lat' dir='ltr'>quam</span> 
     </span>
     <span class='ocr_line' id='line_1_3' title="bbox 259 330 2086 380; baseline 0.002 -10"><span class='ocrx_word' id='word_1_13' title='bbox 259 335 354 370; x_wconf 81' lang='lat' dir='ltr'>rem</span> <span class='ocrx_word' id='word_1_14' title='bbox 395 332 488 370; x_wconf 88' lang='lat' dir='ltr'>sive</span> <span class='ocrx_word' id='word_1_15' title='bbox 530 330 836 370; x_wconf 84' lang='lat' dir='ltr'>affirmandam</span> <span class='ocrx_word' id='word_1_16' title='bbox 874 332 970 370; x_wconf 86' lang='lat' dir='ltr'>sive</span> <span class='ocrx_word' id='word_1_17' title='bbox 1001 332 1248 380; x_wconf 87' lang='lat' dir='ltr'>negandam</span> <span class='ocrx_word' id='word_1_18' title='bbox 1280 332 1451 370; x_wconf 89' lang='lat' dir='ltr'>nullum</span> <span class='ocrx_word' id='word_1_19' title='bbox 1484 333 1597 380; x_wconf 87' lang='lat' dir='ltr'>quod</span> <span class='ocrx_word' id='word_1_20' title='bbox 1628 334 1740 372; x_wconf 81' lang='lat' dir='ltr'>satis</span> <span class='ocrx_word' id='word_1_21' title='bbox 1771 336 1938 373; x_wconf 90' lang='lat' dir='ltr'>certum</span> <span class='ocrx_word' id='word_1_22' title='bbox 1969 336 2086 373; x_wconf 87' lang='lat' dir='ltr'>esset</span> 
     </span>
     <span class='ocr_line' id='line_1_4' title="bbox 259 398 2084 447; baseline 0.002 -11"><span class='ocrx_word' id='word_1_23' title='bbox 259 399 472 438; x_wconf 88' lang='lat' dir='ltr'>hactenus</span> <span class='ocrx_word' id='word_1_24' title='bbox 518 398 737 446; x_wconf 89' lang='lat' dir='ltr'>prolatum</span> <span class='ocrx_word' id='word_1_25' title='bbox 785 400 854 436; x_wconf 88' lang='lat' dir='ltr'>est</span> <span class='ocrx_word' id='word_1_26' title='bbox 901 401 1229 447; x_wconf 83' lang='lat' dir='ltr'>argumentum,</span> <span class='ocrx_word' id='word_1_27' title='bbox 1276 399 1320 436; x_wconf 90' lang='lat' dir='ltr'>in</span> <span class='ocrx_word' id='word_1_28' title='bbox 1367 402 1461 437; x_wconf 85' lang='lat' dir='ltr'>arte</span> <span class='ocrx_word' id='word_1_29' title='bbox 1500 402 1649 438; x_wconf 85' lang='lat' dir='ltr'>tamen</span> <span class='ocrx_word' id='word_1_30' title='bbox 1691 410 1771 439; x_wconf 91' lang='lat' dir='ltr'>sua</span> <span class='ocrx_word' id='word_1_31' title='bbox 1801 402 1979 439; x_wconf 88' lang='lat' dir='ltr'>invento</span> <span class='ocrx_word' id='word_1_32' title='bbox 2009 401 2084 440; x_wconf 93' lang='lat' dir='ltr'>illo</span> 
     </span>
     <span class='ocr_line' id='line_1_5' title="bbox 257 465 2086 516; baseline 0.002 -12"><span class='ocrx_word' id='word_1_33' title='bbox 257 466 367 515; x_wconf 87' lang='lat' dir='ltr'>ipsis</span> <span class='ocrx_word' id='word_1_34' title='bbox 412 465 558 504; x_wconf 89' lang='lat' dir='ltr'>inutili</span> <span class='ocrx_word' id='word_1_35' title='bbox 601 465 670 503; x_wconf 88' lang='lat' dir='ltr'>usi</span> <span class='ocrx_word' id='word_1_36' title='bbox 716 475 813 503; x_wconf 89' lang='lat' dir='ltr'>esse</span> <span class='ocrx_word' id='word_1_37' title='bbox 859 475 944 504; x_wconf 91' lang='lat' dir='ltr'>non</span> <span class='ocrx_word' id='word_1_38' title='bbox 977 465 1194 504; x_wconf 87' lang='lat' dir='ltr'>videntur.</span> <span class='ocrx_word' id='word_1_39' title='bbox 1228 465 1402 504; x_wconf 89' lang='lat' dir='ltr'>Maioris</span> <span class='ocrx_word' id='word_1_40' title='bbox 1433 468 1580 505; x_wconf 85' lang='lat' dir='ltr'>autem</span> <span class='ocrx_word' id='word_1_41' title='bbox 1615 468 1808 506; x_wconf 80' lang='lat' dir='ltr'>ambitus</span> <span class='ocrx_word' id='word_1_42' title='bbox 1841 479 1950 516; x_wconf 89' lang='lat' dir='ltr'>quae</span> <span class='ocrx_word' id='word_1_43' title='bbox 1981 469 2086 506; x_wconf 84' lang='lat' dir='ltr'>sunt</span> 
     </span>
     <span class='ocr_line' id='line_1_6' title="bbox 259 531 2081 583; baseline 0.002 -12"><span class='ocrx_word' id='word_1_44' title='bbox 259 533 466 581; x_wconf 85' lang='lat' dir='ltr'>carmina,</span> <span class='ocrx_word' id='word_1_45' title='bbox 515 532 621 570; x_wconf 90' lang='lat' dir='ltr'>Ilias</span> <span class='ocrx_word' id='word_1_46' title='bbox 666 534 709 570; x_wconf 91' lang='lat' dir='ltr'>et</span> <span class='ocrx_word' id='word_1_47' title='bbox 757 531 965 581; x_wconf 78' lang='lat' dir='ltr'>Odyssea,</span> <span class='ocrx_word' id='word_1_48' title='bbox 1014 533 1180 571; x_wconf 88' lang='lat' dir='ltr'>itemne</span> <span class='ocrx_word' id='word_1_49' title='bbox 1228 533 1271 571; x_wconf 90' lang='lat' dir='ltr'>in</span> <span class='ocrx_word' id='word_1_50' title='bbox 1314 533 1409 571; x_wconf 88' lang='lat' dir='ltr'>sola</span> <span class='ocrx_word' id='word_1_51' title='bbox 1450 536 1597 572; x_wconf 90' lang='lat' dir='ltr'>mente</span> <span class='ocrx_word' id='word_1_52' title='bbox 1628 535 1822 582; x_wconf 90' lang='lat' dir='ltr'>ipsorum</span> <span class='ocrx_word' id='word_1_53' title='bbox 1854 538 2081 583; x_wconf 89' lang='lat' dir='ltr'>poetarum</span> 
     </span>
     <span class='ocr_line' id='line_1_7' title="bbox 258 599 2083 652; baseline 0.002 -15"><span class='ocrx_word' id='word_1_54' title='bbox 258 600 450 638; x_wconf 80' lang='lat' dir='ltr'>vixerint</span> <span class='ocrx_word' id='word_1_55' title='bbox 489 599 708 647; x_wconf 90' lang='lat' dir='ltr'>primitus,</span> <span class='ocrx_word' id='word_1_56' title='bbox 751 601 798 638; x_wconf 92' lang='lat' dir='ltr'>ut</span> <span class='ocrx_word' id='word_1_57' title='bbox 839 601 992 652; x_wconf 86' lang='lat' dir='ltr'>postea</span> <span class='ocrx_word' id='word_1_58' title='bbox 1032 600 1239 638; x_wconf 84' lang='lat' dir='ltr'>vixerunt</span> <span class='ocrx_word' id='word_1_59' title='bbox 1273 601 1318 638; x_wconf 90' lang='lat' dir='ltr'>in</span> <span class='ocrx_word' id='word_1_60' title='bbox 1359 601 1507 639; x_wconf 89' lang='lat' dir='ltr'>mente</span> <span class='ocrx_word' id='word_1_61' title='bbox 1543 602 1870 651; x_wconf 76' lang='lat' dir='ltr'>recitantiuma‚</span> <span class='ocrx_word' id='word_1_62' title='bbox 1904 613 1957 641; x_wconf 87' lang='lat' dir='ltr'>ex</span> <span class='ocrx_word' id='word_1_63' title='bbox 1991 612 2083 650; x_wconf 89' lang='lat' dir='ltr'>poe-</span> 
     </span>
     <span class='ocr_line' id='line_1_8' title="bbox 255 666 2081 718; baseline 0.001 -12"><span class='ocrx_word' id='word_1_64' title='bbox 255 668 401 706; x_wconf 87' lang='lat' dir='ltr'>tarum</span> <span class='ocrx_word' id='word_1_65' title='bbox 435 669 583 706; x_wconf 88' lang='lat' dir='ltr'>autem</span> <span class='ocrx_word' id='word_1_66' title='bbox 617 676 689 704; x_wconf 89' lang='lat' dir='ltr'>ore</span> <span class='ocrx_word' id='word_1_67' title='bbox 721 676 747 704; x_wconf 86' lang='lat' dir='ltr'>a</span> <span class='ocrx_word' id='word_1_68' title='bbox 777 666 1004 715; x_wconf 85' lang='lat' dir='ltr'>discipulis</span> <span class='ocrx_word' id='word_1_69' title='bbox 1047 667 1201 706; x_wconf 85' lang='lat' dir='ltr'>aliisve</span> <span class='ocrx_word' id='word_1_70' title='bbox 1243 666 1495 706; x_wconf 88' lang='lat' dir='ltr'>hominibus</span> <span class='ocrx_word' id='word_1_71' title='bbox 1528 670 1710 716; x_wconf 82' lang='lat' dir='ltr'>excepta</span> <span class='ocrx_word' id='word_1_72' title='bbox 1741 669 1916 718; x_wconf 84' lang='lat' dir='ltr'>fuerint,</span> <span class='ocrx_word' id='word_1_73' title='bbox 1946 680 2000 708; x_wconf 89' lang='lat' dir='ltr'>an</span> <span class='ocrx_word' id='word_1_74' title='bbox 2028 669 2081 707; x_wconf 89' lang='lat' dir='ltr'>ab</span> 
     </span>
     <span class='ocr_line' id='line_1_9' title="bbox 256 733 2088 783; baseline 0.002 -12"><span class='ocrx_word' id='word_1_75' title='bbox 256 733 364 782; x_wconf 87' lang='lat' dir='ltr'>ipsis</span> <span class='ocrx_word' id='word_1_76' title='bbox 404 734 544 782; x_wconf 88' lang='lat' dir='ltr'>poetis</span> <span class='ocrx_word' id='word_1_77' title='bbox 585 734 747 781; x_wconf 91' lang='lat' dir='ltr'>scripto</span> <span class='ocrx_word' id='word_1_78' title='bbox 779 734 1004 782; x_wconf 87' lang='lat' dir='ltr'>mandata,</span> <span class='ocrx_word' id='word_1_79' title='bbox 1038 735 1276 774; x_wconf 88' lang='lat' dir='ltr'>nescimus.</span> <span class='ocrx_word' id='word_1_80' title='bbox 1310 734 1392 773; x_wconf 87' lang='lat' dir='ltr'>Sed</span> <span class='ocrx_word' id='word_1_81' title='bbox 1424 736 1538 773; x_wconf 87' lang='lat' dir='ltr'>tanti</span> <span class='ocrx_word' id='word_1_82' title='bbox 1571 736 1723 783; x_wconf 83' lang='lat' dir='ltr'>quanti</span> <span class='ocrx_word' id='word_1_83' title='bbox 1753 736 1858 775; x_wconf 91' lang='lat' dir='ltr'>olim</span> <span class='ocrx_word' id='word_1_84' title='bbox 1893 737 1988 775; x_wconf 88' lang='lat' dir='ltr'>visa</span> <span class='ocrx_word' id='word_1_85' title='bbox 2020 738 2088 774; x_wconf 86' lang='lat' dir='ltr'>est</span> 
     </span>
     <span class='ocr_line' id='line_1_10' title="bbox 257 801 2087 852; baseline 0.002 -14"><span class='ocrx_word' id='word_1_86' title='bbox 257 801 470 839; x_wconf 86' lang='lat' dir='ltr'>momenti</span> <span class='ocrx_word' id='word_1_87' title='bbox 515 811 601 839; x_wconf 89' lang='lat' dir='ltr'>non</span> <span class='ocrx_word' id='word_1_88' title='bbox 649 803 715 839; x_wconf 87' lang='lat' dir='ltr'>est</span> <span class='ocrx_word' id='word_1_89' title='bbox 763 801 871 840; x_wconf 85' lang='lat' dir='ltr'>haec</span> <span class='ocrx_word' id='word_1_90' title='bbox 911 802 1127 851; x_wconf 81' lang='lat' dir='ltr'>quaestio,</span> <span class='ocrx_word' id='word_1_91' title='bbox 1161 812 1246 841; x_wconf 90' lang='lat' dir='ltr'>non</span> <span class='ocrx_word' id='word_1_92' title='bbox 1281 803 1399 841; x_wconf 89' lang='lat' dir='ltr'>enim</span> <span class='ocrx_word' id='word_1_93' title='bbox 1431 803 1485 841; x_wconf 92' lang='lat' dir='ltr'>ad</span> <span class='ocrx_word' id='word_1_94' title='bbox 1518 804 1764 842; x_wconf 88' lang='lat' dir='ltr'>carminum</span> <span class='ocrx_word' id='word_1_95' title='bbox 1797 804 2007 852; x_wconf 82' lang='lat' dir='ltr'>originem</span> <span class='ocrx_word' id='word_1_96' title='bbox 2043 805 2087 842; x_wconf 90' lang='lat' dir='ltr'>et</span> 
     </span>
     <span class='ocr_line' id='line_1_11' title="bbox 257 868 2088 923; baseline 0.002 -18"><span class='ocrx_word' id='word_1_97' title='bbox 257 868 619 923; x_wconf 80' lang='lat' dir='ltr'>compositionem</span> <span class='ocrx_word' id='word_1_98' title='bbox 652 870 835 917; x_wconf 89' lang='lat' dir='ltr'>spectat,</span> <span class='ocrx_word' id='word_1_99' title='bbox 872 870 947 907; x_wconf 91' lang='lat' dir='ltr'>sed</span> <span class='ocrx_word' id='word_1_100' title='bbox 980 869 1032 908; x_wconf 89' lang='lat' dir='ltr'>ad</span> <span class='ocrx_word' id='word_1_101' title='bbox 1065 870 1282 909; x_wconf 88' lang='lat' dir='ltr'>rationem</span> <span class='ocrx_word' id='word_1_102' title='bbox 1316 880 1401 918; x_wconf 90' lang='lat' dir='ltr'>qua</span> <span class='ocrx_word' id='word_1_103' title='bbox 1428 872 1531 909; x_wconf 85' lang='lat' dir='ltr'>sunt</span> <span class='ocrx_word' id='word_1_104' title='bbox 1557 871 1716 909; x_wconf 88' lang='lat' dir='ltr'>tradita</span> <span class='ocrx_word' id='word_1_105' title='bbox 1742 873 1785 909; x_wconf 88' lang='lat' dir='ltr'>et</span> <span class='ocrx_word' id='word_1_106' title='bbox 1812 872 1862 909; x_wconf 91' lang='lat' dir='ltr'>ad</span> <span class='ocrx_word' id='word_1_107' title='bbox 1890 874 2088 919; x_wconf 87' lang='lat' dir='ltr'>posteros</span> 
     </span>
     <span class='ocr_line' id='line_1_12' title="bbox 256 936 508 982; baseline 0.004 -10"><span class='ocrx_word' id='word_1_108' title='bbox 256 936 508 982; x_wconf 87' lang='lat' dir='ltr'>propagata.</span> 
     </span>
    </p>
   </div>
   <div class='ocr_carea' id='block_1_3' title="bbox 241 1068 2086 1796">
    <p class='ocr_par' dir='ltr' id='par_1_3' title="bbox 241 1068 2086 1726">
     <span class='ocr_line' id='line_1_13' title="bbox 372 1068 2082 1119; baseline 0.003 -13"><span class='ocrx_word' id='word_1_109' title='bbox 372 1068 542 1107; x_wconf 78' lang='grc' dir='ltr'><strong><em>Ἀοιόοἴσ</em></strong></span> <span class='ocrx_word' id='word_1_110' title='bbox 581 1078 661 1108; x_wconf 88' lang='lat' dir='ltr'>sua</span> <span class='ocrx_word' id='word_1_111' title='bbox 700 1069 896 1117; x_wconf 84' lang='lat' dir='ltr'>ipsorum</span> <span class='ocrx_word' id='word_1_112' title='bbox 934 1081 1065 1119; x_wconf 89' lang='lat' dir='ltr'>opera</span> <span class='ocrx_word' id='word_1_113' title='bbox 1108 1071 1161 1110; x_wconf 90' lang='lat' dir='ltr'>ad</span> <span class='ocrx_word' id='word_1_114' title='bbox 1202 1071 1416 1110; x_wconf 85' lang='lat' dir='ltr'>citharam</span> <span class='ocrx_word' id='word_1_115' title='bbox 1450 1069 1736 1111; x_wconf 79' lang='lat' dir='ltr'>canentibusb</span> <span class='ocrx_word' id='word_1_116' title='bbox 1772 1073 2082 1111; x_wconf 80' lang='lat' dir='ltr'>succreverunt</span> 
     </span>
     <span class='ocr_line' id='line_1_14' title="bbox 253 1134 2086 1189; baseline 0.003 -17"><span class='ocrx_word' id='word_1_117' title='bbox 253 1134 458 1185; x_wconf 79' lang='grc' dir='ltr'><em>ῥαψωιδοί</em></span> <span class='ocrx_word' id='word_1_118' title='bbox 487 1137 681 1185; x_wconf 85' lang='lat' dir='ltr'>scipione</span> <span class='ocrx_word' id='word_1_119' title='bbox 713 1138 828 1176; x_wconf 89' lang='lat' dir='ltr'>unde</span> <span class='ocrx_word' id='word_1_120' title='bbox 860 1148 1021 1177; x_wconf 90' lang='lat' dir='ltr'>nomen</span> <span class='ocrx_word' id='word_1_121' title='bbox 1054 1139 1301 1177; x_wconf 87' lang='lat' dir='ltr'>habuerunt</span> <span class='ocrx_word' id='word_1_122' title='bbox 1326 1140 1521 1187; x_wconf 83' lang='lat' dir='ltr'>insignes</span> <span class='ocrx_word' id='word_1_123' title='bbox 1535 1147 1562 1189; x_wconf 64' lang='grc' dir='ltr'>ε,</span> <span class='ocrx_word' id='word_1_124' title='bbox 1593 1141 1665 1188; x_wconf 88' lang='lat' dir='ltr'>qui</span> <span class='ocrx_word' id='word_1_125' title='bbox 1690 1144 1867 1180; x_wconf 83' lang='lat' dir='ltr'>vetusta</span> <span class='ocrx_word' id='word_1_126' title='bbox 1883 1142 2086 1189; x_wconf 86' lang='lat' dir='ltr'>poemata</span> 
     </span>
     <span class='ocr_line' id='line_1_15' title="bbox 253 1204 2083 1256; baseline 0.002 -14"><span class='ocrx_word' id='word_1_127' title='bbox 253 1214 355 1243; x_wconf 86' lang='lat' dir='ltr'>assa</span> <span class='ocrx_word' id='word_1_128' title='bbox 385 1214 489 1243; x_wconf 87' lang='lat' dir='ltr'>voce</span> <span class='ocrx_word' id='word_1_129' title='bbox 522 1204 806 1244; x_wconf 88' lang='lat' dir='ltr'>declamando</span> <span class='ocrx_word' id='word_1_130' title='bbox 835 1206 1002 1244; x_wconf 87' lang='lat' dir='ltr'>victum</span> <span class='ocrx_word' id='word_1_131' title='bbox 1037 1208 1080 1245; x_wconf 89' lang='lat' dir='ltr'>et</span> <span class='ocrx_word' id='word_1_132' title='bbox 1107 1207 1314 1244; x_wconf 88' lang='lat' dir='ltr'>honorem</span> <span class='ocrx_word' id='word_1_133' title='bbox 1342 1207 1425 1245; x_wconf 89' lang='lat' dir='ltr'>sibi</span> <span class='ocrx_word' id='word_1_134' title='bbox 1451 1208 1772 1256; x_wconf 84' lang='lat' dir='ltr'>quaeritabant,</span> <span class='ocrx_word' id='word_1_135' title='bbox 1799 1210 1927 1256; x_wconf 88' lang='lat' dir='ltr'>gestu</span> <span class='ocrx_word' id='word_1_136' title='bbox 1955 1209 2083 1255; x_wconf 83' lang='lat' dir='ltr'>atque</span> 
     </span>
     <span class='ocr_line' id='line_1_16' title="bbox 253 1272 2082 1323; baseline 0.002 -13"><span class='ocrx_word' id='word_1_137' title='bbox 253 1272 422 1311; x_wconf 90' lang='lat' dir='ltr'>actione</span> <span class='ocrx_word' id='word_1_138' title='bbox 454 1282 539 1310; x_wconf 90' lang='lat' dir='ltr'>non</span> <span class='ocrx_word' id='word_1_139' title='bbox 565 1273 715 1311; x_wconf 87' lang='lat' dir='ltr'>minus</span> <span class='ocrx_word' id='word_1_140' title='bbox 731 1283 863 1320; x_wconf 85' lang='lat' dir='ltr'>quam</span> <span class='ocrx_word' id='word_1_141' title='bbox 881 1273 1002 1312; x_wconf 86' lang='lat' dir='ltr'>vocis</span> <span class='ocrx_word' id='word_1_142' title='bbox 1021 1274 1142 1312; x_wconf 86' lang='lat' dir='ltr'>varia</span> <span class='ocrx_word' id='word_1_143' title='bbox 1157 1273 1458 1313; x_wconf 85' lang='lat' dir='ltr'>modulatione</span> <span class='ocrx_word' id='word_1_144' title='bbox 1476 1274 1610 1313; x_wconf 88' lang='lat' dir='ltr'>verba</span> <span class='ocrx_word' id='word_1_145' title='bbox 1625 1277 1778 1323; x_wconf 87' lang='lat' dir='ltr'>poet-ae</span> <span class='ocrx_word' id='word_1_146' title='bbox 1795 1275 2082 1314; x_wconf 85' lang='lat' dir='ltr'>illustrantes.</span> 
     </span>
     <span class='ocr_line' id='line_1_17' title="bbox 254 1339 2085 1390; baseline 0.002 -12"><span class='ocrx_word' id='word_1_147' title='bbox 254 1339 420 1378; x_wconf 90' lang='lat' dir='ltr'>Horum</span> <span class='ocrx_word' id='word_1_148' title='bbox 464 1340 695 1378; x_wconf 88' lang='lat' dir='ltr'>hominum</span> <span class='ocrx_word' id='word_1_149' title='bbox 729 1340 866 1378; x_wconf 85' lang='lat' dir='ltr'>vitam</span> <span class='ocrx_word' id='word_1_150' title='bbox 901 1342 943 1378; x_wconf 87' lang='lat' dir='ltr'>et</span> <span class='ocrx_word' id='word_1_151' title='bbox 977 1343 1117 1378; x_wconf 90' lang='lat' dir='ltr'>artem</span> <span class='ocrx_word' id='word_1_152' title='bbox 1152 1341 1314 1379; x_wconf 87' lang='lat' dir='ltr'>vividis</span> <span class='ocrx_word' id='word_1_153' title='bbox 1345 1341 1494 1379; x_wconf 85' lang='lat' dir='ltr'>verbis</span> <span class='ocrx_word' id='word_1_154' title='bbox 1527 1341 1726 1390; x_wconf 77' lang='lat' dir='ltr'>depinxit</span> <span class='ocrx_word' id='word_1_155' title='bbox 1757 1342 1903 1390; x_wconf 91' lang='lat' dir='ltr'>Plato;</span> <span class='ocrx_word' id='word_1_156' title='bbox 1936 1342 2085 1381; x_wconf 81' lang='lat' dir='ltr'>Ionem</span> 
     </span>
     <span class='ocr_line' id='line_1_18' title="bbox 253 1407 2085 1459; baseline 0.001 -14"><span class='ocrx_word' id='word_1_157' title='bbox 253 1408 370 1446; x_wconf 89' lang='lat' dir='ltr'>enim</span> <span class='ocrx_word' id='word_1_158' title='bbox 418 1409 633 1455; x_wconf 87' lang='lat' dir='ltr'>quendam</span> <span class='ocrx_word' id='word_1_159' title='bbox 677 1408 930 1456; x_wconf 87' lang='lat' dir='ltr'>Ephesium,</span> <span class='ocrx_word' id='word_1_160' title='bbox 980 1409 1052 1455; x_wconf 89' lang='lat' dir='ltr'>qui</span> <span class='ocrx_word' id='word_1_161' title='bbox 1099 1409 1266 1456; x_wconf 85' lang='lat' dir='ltr'>passim</span> <span class='ocrx_word' id='word_1_162' title='bbox 1310 1409 1479 1448; x_wconf 86' lang='lat' dir='ltr'>solebat</span> <span class='ocrx_word' id='word_1_163' title='bbox 1525 1409 1746 1459; x_wconf 77' lang='grc' dir='ltr'><strong><em>ῥαψωιὸεῖν</em></strong></span> <span class='ocrx_word' id='word_1_164' title='bbox 1792 1407 1955 1459; x_wconf 79' lang='grc' dir='ltr'><strong><em>περιιὼν</em></strong></span> <span class='ocrx_word' id='word_1_165' title='bbox 2001 1411 2085 1447; x_wconf 85' lang='grc' dir='ltr'><strong><em>τοῖσ</em></strong></span> 
     </span>
     <span class='ocr_line' id='line_1_19' title="bbox 241 1472 2083 1525; baseline 0.002 -14"><span class='ocrx_word' id='word_1_166' title='bbox 241 1472 448 1524; x_wconf 78' lang='grc' dir='ltr'><strong><em>Ἕλλησιν,</em></strong></span> <span class='ocrx_word' id='word_1_167' title='bbox 491 1475 665 1514; x_wconf 79' lang='lat' dir='ltr'>induxit</span> <span class='ocrx_word' id='word_1_168' title='bbox 705 1478 806 1523; x_wconf 89' lang='lat' dir='ltr'>post</span> <span class='ocrx_word' id='word_1_169' title='bbox 836 1477 1069 1514; x_wconf 87' lang='lat' dir='ltr'>victoriam</span> <span class='ocrx_word' id='word_1_170' title='bbox 1103 1476 1307 1524; x_wconf 87' lang='lat' dir='ltr'>Epidauri</span> <span class='ocrx_word' id='word_1_171' title='bbox 1338 1477 1381 1514; x_wconf 87' lang='lat' dir='ltr'>in</span> <span class='ocrx_word' id='word_1_172' title='bbox 1415 1478 1643 1516; x_wconf 88' lang='lat' dir='ltr'>cantorum</span> <span class='ocrx_word' id='word_1_173' title='bbox 1675 1477 1916 1516; x_wconf 88' lang='lat' dir='ltr'>certamine</span> <span class='ocrx_word' id='word_1_174' title='bbox 1943 1486 2083 1525; x_wconf 90' lang='lat' dir='ltr'>repor-</span> 
     </span>
     <span class='ocr_line' id='line_1_20' title="bbox 253 1542 2084 1593; baseline 0.001 -13"><span class='ocrx_word' id='word_1_175' title='bbox 253 1544 394 1580; x_wconf 77' lang='lat' dir='ltr'>tatam</span> <span class='ocrx_word' id='word_1_176' title='bbox 439 1552 538 1581; x_wconf 92' lang='lat' dir='ltr'>cum</span> <span class='ocrx_word' id='word_1_177' title='bbox 582 1542 760 1581; x_wconf 85' lang='lat' dir='ltr'>Socrate</span> <span class='ocrx_word' id='word_1_178' title='bbox 794 1543 1163 1582; x_wconf 84' lang='lat' dir='ltr'>confabulantem.</span> <span class='ocrx_word' id='word_1_179' title='bbox 1196 1542 1344 1591; x_wconf 85' lang='lat' dir='ltr'>Usque</span> <span class='ocrx_word' id='word_1_180' title='bbox 1376 1544 1429 1582; x_wconf 89' lang='lat' dir='ltr'>ad</span> <span class='ocrx_word' id='word_1_181' title='bbox 1459 1543 1592 1583; x_wconf 90' lang='lat' dir='ltr'>finem</span> <span class='ocrx_word' id='word_1_182' title='bbox 1623 1545 1756 1593; x_wconf 87' lang='lat' dir='ltr'>igitur</span> <span class='ocrx_word' id='word_1_183' title='bbox 1787 1544 1951 1583; x_wconf 89' lang='lat' dir='ltr'>saeculi</span> <span class='ocrx_word' id='word_1_184' title='bbox 1981 1545 2084 1582; x_wconf 86' lang='lat' dir='ltr'>ante</span> 
     </span>
     <span class='ocr_line' id='line_1_21' title="bbox 255 1607 2086 1659; baseline 0.001 -12"><span class='ocrx_word' id='word_1_185' title='bbox 255 1609 477 1648; x_wconf 85' lang='lat' dir='ltr'>Christum</span> <span class='ocrx_word' id='word_1_186' title='bbox 521 1612 676 1647; x_wconf 90' lang='lat' dir='ltr'>natum</span> <span class='ocrx_word' id='word_1_187' title='bbox 718 1607 767 1646; x_wconf 87' lang='lat' dir='ltr'>Vi</span> <span class='ocrx_word' id='word_1_188' title='bbox 799 1611 997 1648; x_wconf 86' lang='lat' dir='ltr'>carmina</span> <span class='ocrx_word' id='word_1_189' title='bbox 1039 1610 1172 1659; x_wconf 88' lang='lat' dir='ltr'>epica,</span> <span class='ocrx_word' id='word_1_190' title='bbox 1206 1621 1317 1658; x_wconf 89' lang='lat' dir='ltr'>quae</span> <span class='ocrx_word' id='word_1_191' title='bbox 1348 1611 1508 1650; x_wconf 86' lang='lat' dir='ltr'>litteris</span> <span class='ocrx_word' id='word_1_192' title='bbox 1539 1612 1703 1651; x_wconf 89' lang='lat' dir='ltr'>dudum</span> <span class='ocrx_word' id='word_1_193' title='bbox 1735 1614 1838 1651; x_wconf 89' lang='lat' dir='ltr'>tunc</span> <span class='ocrx_word' id='word_1_194' title='bbox 1871 1611 2086 1650; x_wconf 83' lang='lat' dir='ltr'>extabant</span> 
     </span>
     <span class='ocr_line' id='line_1_22' title="bbox 253 1677 1669 1726; baseline 0.003 -12"><span class='ocrx_word' id='word_1_195' title='bbox 253 1677 524 1724; x_wconf 88' lang='lat' dir='ltr'>consignata,</span> <span class='ocrx_word' id='word_1_196' title='bbox 565 1678 699 1715; x_wconf 86' lang='lat' dir='ltr'>etiam</span> <span class='ocrx_word' id='word_1_197' title='bbox 735 1678 838 1715; x_wconf 87' lang='lat' dir='ltr'>viva</span> <span class='ocrx_word' id='word_1_198' title='bbox 870 1687 977 1716; x_wconf 89' lang='lat' dir='ltr'>voce</span> <span class='ocrx_word' id='word_1_199' title='bbox 1011 1681 1243 1716; x_wconf 86' lang='lat' dir='ltr'>cantorum</span> <span class='ocrx_word' id='word_1_200' title='bbox 1277 1682 1519 1726; x_wconf 75' lang='lat' dir='ltr'>propagata</span> <span class='ocrx_word' id='word_1_201' title='bbox 1552 1684 1669 1718; x_wconf 87' lang='lat' dir='ltr'>sunt.</span> 
     </span>
    </p>

    <p class='ocr_par' dir='ltr' id='par_1_4' title="bbox 372 1741 2080 1796">
     <span class='ocr_line' id='line_1_23' title="bbox 372 1741 2080 1796; baseline 0.001 -14"><span class='ocrx_word' id='word_1_202' title='bbox 372 1744 452 1782; x_wconf 87' lang='lat' dir='ltr'>Sed</span> <span class='ocrx_word' id='word_1_203' title='bbox 495 1754 566 1782; x_wconf 86' lang='lat' dir='ltr'>ars</span> <span class='ocrx_word' id='word_1_204' title='bbox 607 1741 870 1793; x_wconf 80' lang='lat' dir='ltr'>scribendid,</span> <span class='ocrx_word' id='word_1_205' title='bbox 916 1754 1026 1793; x_wconf 89' lang='lat' dir='ltr'>quae</span> <span class='ocrx_word' id='word_1_206' title='bbox 1060 1746 1110 1783; x_wconf 83' lang='lat' dir='ltr'>ad</span> <span class='ocrx_word' id='word_1_207' title='bbox 1146 1746 1374 1784; x_wconf 88' lang='lat' dir='ltr'>hominum</span> <span class='ocrx_word' id='word_1_208' title='bbox 1408 1747 1546 1785; x_wconf 86' lang='lat' dir='ltr'>vitam</span> <span class='ocrx_word' id='word_1_209' title='bbox 1580 1747 1839 1786; x_wconf 84' lang='lat' dir='ltr'>mutandam</span> <span class='ocrx_word' id='word_1_210' title='bbox 1872 1747 1971 1796; x_wconf 90' lang='lat' dir='ltr'>plus</span> <span class='ocrx_word' id='word_1_211' title='bbox 2002 1746 2080 1784; x_wconf 85' lang='lat' dir='ltr'>for-</span> 
     </span>
    </p>
   </div>
   <div class='ocr_carea' id='block_1_4' title="bbox 248 1930 2081 3029">
    <p class='ocr_par' dir='ltr' id='par_1_5' title="bbox 251 1930 2081 2235">
     <span class='ocr_line' id='line_1_24' title="bbox 252 1930 2081 1972; baseline 0.003 -15"><span class='ocrx_word' id='word_1_212' title='bbox 252 1941 275 1957; x_wconf 87' lang='grc' dir='ltr'>ω</span> <span class='ocrx_word' id='word_1_213' title='bbox 299 1930 363 1958; x_wconf 85' lang='grc'>229</span> <span class='ocrx_word' id='word_1_214' title='bbox 394 1938 470 1959; x_wconf 83' lang='lat' dir='ltr'>esse</span> <span class='ocrx_word' id='word_1_215' title='bbox 498 1931 682 1962; x_wconf 66' lang='lat' dir='ltr'>slricturas.</span> <span class='ocrx_word' id='word_1_216' title='bbox 715 1932 843 1962; x_wconf 84' lang='lat' dir='ltr'>Verum</span> <span class='ocrx_word' id='word_1_217' title='bbox 873 1933 953 1969; x_wconf 84' lang='lat' dir='ltr'>hoe,</span> <span class='ocrx_word' id='word_1_218' title='bbox 983 1933 1044 1963; x_wconf 76' lang='lat' dir='ltr'>sed</span> <span class='ocrx_word' id='word_1_219' title='bbox 1077 1934 1160 1971; x_wconf 86' lang='lat' dir='ltr'>quid</span> <span class='ocrx_word' id='word_1_220' title='bbox 1185 1935 1282 1964; x_wconf 83' lang='lat' dir='ltr'>tum?</span> <span class='ocrx_word' id='word_1_221' title='bbox 1308 1935 1426 1965; x_wconf 87' lang='lat' dir='ltr'>Nonne</span> <span class='ocrx_word' id='word_1_222' title='bbox 1454 1937 1488 1964; x_wconf 82' lang='lat' dir='ltr'>et</span> <span class='ocrx_word' id='word_1_223' title='bbox 1511 1935 1711 1965; x_wconf 79' lang='lat' dir='ltr'>Herodotus</span> <span class='ocrx_word' id='word_1_224' title='bbox 1734 1935 1786 1965; x_wconf 84' lang='lat'>111</span> <span class='ocrx_word' id='word_1_225' title='bbox 1812 1936 1887 1971; x_wconf 84' lang='lat'>108,</span> <span class='ocrx_word' id='word_1_226' title='bbox 1909 1934 2081 1972; x_wconf 85' lang='lat' dir='ltr'>Vergilius</span> 
     </span>
     <span class='ocr_line' id='line_1_25' title="bbox 251 1982 2080 2026; baseline 0.003 -16"><span class='ocrx_word' id='word_1_227' title='bbox 251 1983 334 2011; x_wconf 85' lang='lat' dir='ltr'>Aen.</span> <span class='ocrx_word' id='word_1_228' title='bbox 370 1982 385 2011; x_wconf 97' lang='lat' dir='ltr'>I</span> <span class='ocrx_word' id='word_1_229' title='bbox 419 1982 495 2019; x_wconf 80' lang='lat'>478,</span> <span class='ocrx_word' id='word_1_230' title='bbox 531 1983 589 2012; x_wconf 75' lang='lat' dir='ltr'>alii</span> <span class='ocrx_word' id='word_1_231' title='bbox 626 1985 674 2013; x_wconf 86' lang='lat' dir='ltr'>ita</span> <span class='ocrx_word' id='word_1_232' title='bbox 710 1988 792 2015; x_wconf 81' lang='lat' dir='ltr'>sunt</span> <span class='ocrx_word' id='word_1_233' title='bbox 826 1985 958 2015; x_wconf 83' lang='lat' dir='ltr'>locuti?</span> <span class='ocrx_word' id='word_1_234' title='bbox 990 1986 1109 2024; x_wconf 85' lang='lat' dir='ltr'>Neque</span> <span class='ocrx_word' id='word_1_235' title='bbox 1140 1987 1310 2017; x_wconf 85' lang='lat' dir='ltr'>trahenda</span> <span class='ocrx_word' id='word_1_236' title='bbox 1333 1987 1402 2017; x_wconf 88' lang='lat' dir='ltr'>huc</span> <span class='ocrx_word' id='word_1_237' title='bbox 1430 1990 1483 2017; x_wconf 75' lang='lat' dir='ltr'>est</span> <span class='ocrx_word' id='word_1_238' title='bbox 1506 1996 1571 2017; x_wconf 71' lang='lat' dir='ltr'>vox</span> <span class='ocrx_word' id='word_1_239' title='bbox 1593 1991 1721 2026; x_wconf 67' lang='grc' dir='ltr'><strong><em>μνήμων</em></strong></span> <span class='ocrx_word' id='word_1_240' title='bbox 1743 1992 1768 2018; x_wconf 76' lang='grc' dir='ltr'><em>θ</em></span> <span class='ocrx_word' id='word_1_241' title='bbox 1800 1988 1875 2021; x_wconf 87' lang='lat'>163,</span> <span class='ocrx_word' id='word_1_242' title='bbox 1900 1995 1988 2025; x_wconf 86' lang='lat' dir='ltr'>quae</span> <span class='ocrx_word' id='word_1_243' title='bbox 2011 1995 2080 2016; x_wconf 91' lang='lat' dir='ltr'>non</span> 
     </span>
     <span class='ocr_line' id='line_1_26' title="bbox 252 2035 2078 2079; baseline 0.003 -17"><span class='ocrx_word' id='word_1_244' title='bbox 252 2043 411 2064; x_wconf 61' lang='lat' dir='ltr'>memorem</span> <span class='ocrx_word' id='word_1_245' title='bbox 432 2035 481 2064; x_wconf 89' lang='lat' dir='ltr'>ibi</span> <span class='ocrx_word' id='word_1_246' title='bbox 509 2035 695 2074; x_wconf 83' lang='lat' dir='ltr'>significat,</span> <span class='ocrx_word' id='word_1_247' title='bbox 721 2038 783 2067; x_wconf 88' lang='lat' dir='ltr'>sed</span> <span class='ocrx_word' id='word_1_248' title='bbox 806 2040 995 2074; x_wconf 74' lang='lat' dir='ltr'>curatorem,</span> <span class='ocrx_word' id='word_1_249' title='bbox 1019 2042 1058 2068; x_wconf 83' lang='lat' dir='ltr'>ut</span> <span class='ocrx_word' id='word_1_250' title='bbox 1082 2041 1117 2069; x_wconf 83' lang='lat' dir='ltr'>et</span> <span class='ocrx_word' id='word_1_251' title='bbox 1138 2038 1221 2069; x_wconf 65' lang='lat' dir='ltr'>alibi</span> <span class='ocrx_word' id='word_1_252' title='bbox 1247 2040 1368 2069; x_wconf 79' lang='lat' dir='ltr'>multis</span> <span class='ocrx_word' id='word_1_253' title='bbox 1393 2041 1542 2069; x_wconf 85' lang='lat' dir='ltr'>saeculis</span> <span class='ocrx_word' id='word_1_254' title='bbox 1565 2043 1654 2079; x_wconf 84' lang='lat' dir='ltr'>post.</span> <span class='ocrx_word' id='word_1_255' title='bbox 1789 2051 1809 2070; x_wconf 91' lang='lat' dir='ltr'>a</span> <span class='ocrx_word' id='word_1_256' title='bbox 1832 2040 1918 2071; x_wconf 83' lang='lat' dir='ltr'>Xen.</span> <span class='ocrx_word' id='word_1_257' title='bbox 1936 2038 2038 2069; x_wconf 81' lang='lat' dir='ltr'>Conv.</span> <span class='ocrx_word' id='word_1_258' title='bbox 2059 2039 2078 2068; x_wconf 87' lang='lat'><strong>3</strong></span> 
     </span>
     <span class='ocr_line' id='line_1_27' title="bbox 251 2087 2081 2131; baseline 0.003 -16"><span class='ocrx_word' id='word_1_259' title='bbox 251 2087 269 2125; x_wconf 64' lang='grc' dir='ltr'><strong>ἓ</strong></span> <span class='ocrx_word' id='word_1_260' title='bbox 296 2088 324 2122; x_wconf 85' lang='grc'>6,</span> <span class='ocrx_word' id='word_1_261' title='bbox 361 2088 451 2117; x_wconf 79' lang='lat' dir='ltr'>infra</span> <span class='ocrx_word' id='word_1_262' title='bbox 486 2097 563 2126; x_wconf 84' lang='lat' dir='ltr'>pag.</span> <span class='ocrx_word' id='word_1_263' title='bbox 589 2091 630 2119; x_wconf 85' lang='lat'>23</span> <span class='ocrx_word' id='word_1_264' title='bbox 645 2089 670 2118; x_wconf 87' lang='lat' dir='ltr'>b.</span> <span class='ocrx_word' id='word_1_265' title='bbox 830 2089 846 2119; x_wconf 88' lang='lat' dir='ltr'>b</span> <span class='ocrx_word' id='word_1_266' title='bbox 883 2089 1017 2121; x_wconf 73' lang='lat' dir='ltr'>Canium</span> <span class='ocrx_word' id='word_1_267' title='bbox 1048 2100 1138 2121; x_wconf 90' lang='lat' dir='ltr'>nnnc</span> <span class='ocrx_word' id='word_1_268' title='bbox 1171 2092 1318 2122; x_wconf 85' lang='lat' dir='ltr'>dicimus</span> <span class='ocrx_word' id='word_1_269' title='bbox 1350 2092 1387 2122; x_wconf 89' lang='lat' dir='ltr'>id</span> <span class='ocrx_word' id='word_1_270' title='bbox 1418 2093 1510 2130; x_wconf 90' lang='lat' dir='ltr'>quod</span> <span class='ocrx_word' id='word_1_271' title='bbox 1535 2092 1674 2123; x_wconf 83' lang='lat' dir='ltr'>Graecis</span> <span class='ocrx_word' id='word_1_272' title='bbox 1699 2096 1818 2131; x_wconf 73' lang='lat' dir='ltr'>postea</span> <span class='ocrx_word' id='word_1_273' title='bbox 1843 2095 2004 2121; x_wconf 77' lang='lat' dir='ltr'>vocatum</span> <span class='ocrx_word' id='word_1_274' title='bbox 2028 2093 2081 2120; x_wconf 82' lang='lat' dir='ltr'>est</span> 
     </span>
     <span class='ocr_line' id='line_1_28' title="bbox 251 2142 2078 2185; baseline 0.003 -17"><span class='ocrx_word' id='word_1_275' title='bbox 251 2144 501 2179; x_wconf 73' lang='grc' dir='ltr'><strong><em>παρακαταλογή.</em></strong></span> <span class='ocrx_word' id='word_1_276' title='bbox 530 2142 571 2170; x_wconf 91' lang='lat' dir='ltr'>In</span> <span class='ocrx_word' id='word_1_277' title='bbox 602 2142 752 2172; x_wconf 84' lang='lat' dir='ltr'>theatris</span> <span class='ocrx_word' id='word_1_278' title='bbox 783 2143 833 2173; x_wconf 88' lang='lat' dir='ltr'>sic</span> <span class='ocrx_word' id='word_1_279' title='bbox 858 2144 1126 2181; x_wconf 81' lang='lat' dir='ltr'>proferebantur</span> <span class='ocrx_word' id='word_1_280' title='bbox 1149 2145 1318 2185; x_wconf 76' lang='lat' dir='ltr'>anapaesti</span> <span class='ocrx_word' id='word_1_281' title='bbox 1342 2149 1376 2175; x_wconf 87' lang='lat' dir='ltr'>et</span> <span class='ocrx_word' id='word_1_282' title='bbox 1399 2144 1469 2175; x_wconf 80' lang='lat' dir='ltr'>rari</span> <span class='ocrx_word' id='word_1_283' title='bbox 1492 2145 1545 2175; x_wconf 86' lang='lat' dir='ltr'>illi</span> <span class='ocrx_word' id='word_1_284' title='bbox 1573 2147 1631 2184; x_wconf 88' lang='lat' dir='ltr'>qui</span> <span class='ocrx_word' id='word_1_285' title='bbox 1653 2146 1701 2176; x_wconf 90' lang='lat' dir='ltr'>ibi</span> <span class='ocrx_word' id='word_1_286' title='bbox 1723 2144 1833 2176; x_wconf 84' lang='lat' dir='ltr'>auditi</span> <span class='ocrx_word' id='word_1_287' title='bbox 1854 2148 1934 2175; x_wconf 86' lang='lat' dir='ltr'>sunt</span> <span class='ocrx_word' id='word_1_288' title='bbox 1958 2152 2078 2173; x_wconf 79' lang='lat' dir='ltr'>versus</span> 
     </span>
     <span class='ocr_line' id='line_1_29' title="bbox 252 2191 2078 2235; baseline 0.004 -14"><span class='ocrx_word' id='word_1_289' title='bbox 252 2191 427 2222; x_wconf 54' lang='lat' dir='ltr'>hexametri</span> <span class='ocrx_word' id='word_1_290' title='bbox 445 2192 609 2233; x_wconf 69' lang='lat' dir='ltr'>dactylici.</span> <span class='ocrx_word' id='word_1_291' title='bbox 628 2195 780 2225; x_wconf 80' lang='lat' dir='ltr'>Medium</span> <span class='ocrx_word' id='word_1_292' title='bbox 800 2196 865 2226; x_wconf 85' lang='lat' dir='ltr'>hoc</span> <span class='ocrx_word' id='word_1_293' title='bbox 885 2198 951 2226; x_wconf 79' lang='lat' dir='ltr'>iuit</span> <span class='ocrx_word' id='word_1_294' title='bbox 968 2206 1077 2234; x_wconf 84' lang='lat' dir='ltr'>genus</span> <span class='ocrx_word' id='word_1_295' title='bbox 1097 2198 1188 2227; x_wconf 88' lang='lat' dir='ltr'>inter</span> <span class='ocrx_word' id='word_1_296' title='bbox 1211 2197 1339 2228; x_wconf 74' lang='lat' dir='ltr'>cantica</span> <span class='ocrx_word' id='word_1_297' title='bbox 1353 2199 1535 2228; x_wconf 87' lang='lat' dir='ltr'>chororum</span> <span class='ocrx_word' id='word_1_298' title='bbox 1550 2202 1584 2228; x_wconf 84' lang='lat' dir='ltr'>et</span> <span class='ocrx_word' id='word_1_299' title='bbox 1596 2198 1730 2231; x_wconf 81' lang='lat' dir='ltr'>iambica</span> <span class='ocrx_word' id='word_1_300' title='bbox 1741 2202 1895 2228; x_wconf 86' lang='lat' dir='ltr'>actorum</span> <span class='ocrx_word' id='word_1_301' title='bbox 1907 2196 2078 2235; x_wconf 81' lang='lat' dir='ltr'>colloquia-</span> 
     </span>
    </p>

    <p class='ocr_par' dir='ltr' id='par_1_6' title="bbox 248 2246 2079 3029">
     <span class='ocr_line' id='line_1_30' title="bbox 384 2246 2076 2292; baseline 0.002 -18"><span class='ocrx_word' id='word_1_302' title='bbox 384 2254 400 2275; x_wconf 79' lang='grc' dir='ltr'><em>ο</em></span> <span class='ocrx_word' id='word_1_303' title='bbox 422 2246 685 2284; x_wconf 82' lang='lat' dir='ltr'>Rhapsodorum</span> <span class='ocrx_word' id='word_1_304' title='bbox 711 2257 837 2278; x_wconf 88' lang='lat' dir='ltr'>nomen</span> <span class='ocrx_word' id='word_1_305' title='bbox 860 2247 1032 2279; x_wconf 75' lang='lat' dir='ltr'>Pindarus</span> <span class='ocrx_word' id='word_1_306' title='bbox 1055 2250 1178 2280; x_wconf 81' lang='lat' dir='ltr'>Isthm.</span> <span class='ocrx_word' id='word_1_307' title='bbox 1202 2251 1255 2281; x_wconf 87' lang='grc' dir='ltr'>ΠΙ</span> <span class='ocrx_word' id='word_1_308' title='bbox 1281 2252 1320 2281; x_wconf 86' lang='grc'>65</span> <span class='ocrx_word' id='word_1_309' title='bbox 1348 2254 1442 2282; x_wconf 87' lang='lat' dir='ltr'>recte</span> <span class='ocrx_word' id='word_1_310' title='bbox 1466 2253 1630 2290; x_wconf 75' lang='lat' dir='ltr'>repetivit</span> <span class='ocrx_word' id='word_1_311' title='bbox 1651 2262 1669 2282; x_wconf 83' lang='lat' dir='ltr'>a</span> <span class='ocrx_word' id='word_1_312' title='bbox 1686 2254 1820 2292; x_wconf 73' lang='lat' dir='ltr'>sceptro,</span> <span class='ocrx_word' id='word_1_313' title='bbox 1835 2250 1926 2288; x_wconf 88' lang='lat' dir='ltr'>quod</span> <span class='ocrx_word' id='word_1_314' title='bbox 1939 2252 2076 2288; x_wconf 74' lang='lat' dir='ltr'>gestare</span> 
     </span>
     <span class='ocr_line' id='line_1_31' title="bbox 250 2297 2079 2342; baseline 0.003 -17"><span class='ocrx_word' id='word_1_315' title='bbox 250 2297 408 2326; x_wconf 82' lang='lat' dir='ltr'>solebant</span> <span class='ocrx_word' id='word_1_316' title='bbox 432 2299 525 2331; x_wconf 78' lang='lat' dir='ltr'>(Hes.</span> <span class='ocrx_word' id='word_1_317' title='bbox 539 2300 669 2336; x_wconf 80' lang='lat' dir='ltr'>Theog.</span> <span class='ocrx_word' id='word_1_318' title='bbox 685 2298 752 2340; x_wconf 81' lang='lat'>30),</span> <span class='ocrx_word' id='word_1_319' title='bbox 765 2309 995 2338; x_wconf 82' lang='lat' dir='ltr'>personarum</span> <span class='ocrx_word' id='word_1_320' title='bbox 1009 2301 1230 2340; x_wconf 88' lang='lat' dir='ltr'>publicarum</span> <span class='ocrx_word' id='word_1_321' title='bbox 1249 2306 1283 2333; x_wconf 82' lang='lat' dir='ltr'>et</span> <span class='ocrx_word' id='word_1_322' title='bbox 1295 2307 1591 2334; x_wconf 66' lang='lat' dir='ltr'>sacrosanctarum</span> <span class='ocrx_word' id='word_1_323' title='bbox 1606 2303 1744 2342; x_wconf 82' lang='lat' dir='ltr'>insigne</span> <span class='ocrx_word' id='word_1_324' title='bbox 1757 2304 1815 2341; x_wconf 84' lang='lat' dir='ltr'>(ad</span> <span class='ocrx_word' id='word_1_325' title='bbox 1827 2305 1861 2333; x_wconf 87' lang='lat' dir='ltr'><em>A</em></span> <span class='ocrx_word' id='word_1_326' title='bbox 1875 2302 2079 2340; x_wconf 82' lang='lat'><strong>234—239).</strong></span> 
     </span>
     <span class='ocr_line' id='line_1_32' title="bbox 251 2348 2077 2396; baseline 0.004 -19"><span class='ocrx_word' id='word_1_327' title='bbox 251 2349 339 2379; x_wconf 82' lang='lat' dir='ltr'>Item</span> <span class='ocrx_word' id='word_1_328' title='bbox 365 2348 604 2387; x_wconf 81' lang='lat' dir='ltr'>Callimachus,</span> <span class='ocrx_word' id='word_1_329' title='bbox 630 2354 689 2389; x_wconf 83' lang='lat' dir='ltr'>qui</span> <span class='ocrx_word' id='word_1_330' title='bbox 713 2355 866 2384; x_wconf 82' lang='lat' dir='ltr'>carmina</span> <span class='ocrx_word' id='word_1_331' title='bbox 892 2355 990 2393; x_wconf 86' lang='lat' dir='ltr'>epica</span> <span class='ocrx_word' id='word_1_332' title='bbox 1005 2356 1057 2385; x_wconf 84' lang='grc' dir='ltr'><strong><em>τὸν</em></strong></span> <span class='ocrx_word' id='word_1_333' title='bbox 1069 2357 1117 2385; x_wconf 80' lang='grc' dir='ltr'>ἐπὶ</span> <span class='ocrx_word' id='word_1_334' title='bbox 1131 2356 1248 2396; x_wconf 72' lang='grc' dir='ltr'><em>ρἀδωι</em></span> <span class='ocrx_word' id='word_1_335' title='bbox 1260 2360 1368 2392; x_wconf 78' lang='grc' dir='ltr'><strong><em>μῦθον</em></strong></span> <span class='ocrx_word' id='word_1_336' title='bbox 1389 2358 1594 2395; x_wconf 69' lang='grc' dir='ltr'><strong><em>ὑφαινόμενον</em></strong></span> <span class='ocrx_word' id='word_1_337' title='bbox 1606 2357 1753 2392; x_wconf 80' lang='lat' dir='ltr'>vocavit,</span> <span class='ocrx_word' id='word_1_338' title='bbox 1769 2355 1988 2386; x_wconf 85' lang='lat' dir='ltr'>schol.Pind.</span> <span class='ocrx_word' id='word_1_339' title='bbox 2003 2354 2077 2391; x_wconf 83' lang='lat'>1.1.;</span> 
     </span>
     <span class='ocr_line' id='line_1_33' title="bbox 250 2402 2079 2448; baseline 0.003 -19"><span class='ocrx_word' id='word_1_340' title='bbox 250 2402 386 2431; x_wconf 76' lang='lat' dir='ltr'>inanem</span> <span class='ocrx_word' id='word_1_341' title='bbox 413 2411 493 2432; x_wconf 89' lang='lat' dir='ltr'>vero</span> <span class='ocrx_word' id='word_1_342' title='bbox 519 2412 681 2434; x_wconf 85' lang='lat' dir='ltr'>sonorum</span> <span class='ocrx_word' id='word_1_343' title='bbox 709 2406 975 2436; x_wconf 83' lang='lat' dir='ltr'>similitudinem</span> <span class='ocrx_word' id='word_1_344' title='bbox 997 2410 1138 2437; x_wconf 85' lang='lat' dir='ltr'>secutus</span> <span class='ocrx_word' id='word_1_345' title='bbox 1155 2408 1329 2438; x_wconf 81' lang='lat' dir='ltr'>Pindarus</span> <span class='ocrx_word' id='word_1_346' title='bbox 1348 2409 1444 2438; x_wconf 87' lang='lat' dir='ltr'>Nem.</span> <span class='ocrx_word' id='word_1_347' title='bbox 1468 2409 1503 2439; x_wconf 91' lang='lat'>11</span> <span class='ocrx_word' id='word_1_348' title='bbox 1526 2408 1625 2439; x_wconf 79' lang='lat' dir='ltr'>initio</span> <span class='ocrx_word' id='word_1_349' title='bbox 1638 2411 1797 2439; x_wconf 77' lang='lat' dir='ltr'>cantores</span> <span class='ocrx_word' id='word_1_350' title='bbox 1811 2407 1930 2448; x_wconf 80' lang='lat' dir='ltr'>epicos</span> <span class='ocrx_word' id='word_1_351' title='bbox 1943 2406 2079 2438; x_wconf 65' lang='lat' dir='ltr'>vocavit</span> 
     </span>
     <span class='ocr_line' id='line_1_34' title="bbox 252 2456 2076 2497; baseline 0.004 -15"><span class='ocrx_word' id='word_1_352' title='bbox 252 2457 376 2490; x_wconf 65' lang='grc' dir='ltr'><strong><em>ῥαπτῶν</em></strong></span> <span class='ocrx_word' id='word_1_353' title='bbox 399 2456 495 2484; x_wconf 71' lang='grc' dir='ltr'><strong><em>ἐπέων</em></strong></span> <span class='ocrx_word' id='word_1_354' title='bbox 518 2457 658 2488; x_wconf 57' lang='lat' dir='ltr'>amoena.</span> <span class='ocrx_word' id='word_1_355' title='bbox 685 2458 735 2487; x_wconf 70' lang='lat' dir='ltr'>Ad</span> <span class='ocrx_word' id='word_1_356' title='bbox 758 2467 859 2496; x_wconf 85' lang='lat' dir='ltr'>quem</span> <span class='ocrx_word' id='word_1_357' title='bbox 884 2459 998 2489; x_wconf 91' lang='lat' dir='ltr'>locum</span> <span class='ocrx_word' id='word_1_358' title='bbox 1019 2459 1129 2497; x_wconf 87' lang='lat' dir='ltr'>quiin</span> <span class='ocrx_word' id='word_1_359' title='bbox 1149 2461 1291 2490; x_wconf 79' lang='lat' dir='ltr'>scholiis</span> <span class='ocrx_word' id='word_1_360' title='bbox 1312 2462 1503 2492; x_wconf 81' lang='lat' dir='ltr'>afferuntur</span> <span class='ocrx_word' id='word_1_361' title='bbox 1515 2465 1549 2492; x_wconf 88' lang='lat' dir='ltr'>et</span> <span class='ocrx_word' id='word_1_362' title='bbox 1561 2461 1926 2492; x_wconf 77' lang='lat' dir='ltr'>Hesiodotribuuntur</span> <span class='ocrx_word' id='word_1_363' title='bbox 1939 2469 2076 2490; x_wconf 83' lang='lat' dir='ltr'>versus:</span> 
     </span>
     <span class='ocr_line' id='line_1_35' title="bbox 251 2508 2075 2555; baseline 0.004 -19"><span class='ocrx_word' id='word_1_364' title='bbox 251 2509 281 2535; x_wconf 79' lang='grc' dir='ltr'>ἐν</span> <span class='ocrx_word' id='word_1_365' title='bbox 305 2510 408 2544; x_wconf 77' lang='grc' dir='ltr'><strong><em>Δὴλωι</em></strong></span> <span class='ocrx_word' id='word_1_366' title='bbox 437 2508 503 2537; x_wconf 75' lang='grc' dir='ltr'><strong><em>τότε</em></strong></span> <span class='ocrx_word' id='word_1_367' title='bbox 536 2516 658 2550; x_wconf 76' lang='grc' dir='ltr'><strong><em>πρῶτον</em></strong></span> <span class='ocrx_word' id='word_1_368' title='bbox 682 2512 739 2547; x_wconf 73' lang='grc' dir='ltr'>ἐγὼ</span> <span class='ocrx_word' id='word_1_369' title='bbox 763 2513 812 2541; x_wconf 80' lang='grc' dir='ltr'>καὶ</span> <span class='ocrx_word' id='word_1_370' title='bbox 829 2511 965 2552; x_wconf 61' lang='lat' dir='ltr'>”Omnino</span> <span class='ocrx_word' id='word_1_371' title='bbox 989 2514 1088 2543; x_wconf 74' lang='grc' dir='ltr'><strong><em>ἀοιδοὶ</em></strong></span> <span class='ocrx_word' id='word_1_372' title='bbox 1111 2512 1306 2552; x_wconf 75' lang='grc' dir='ltr'>Ι’με’λπομει’</span> <span class='ocrx_word' id='word_1_373' title='bbox 1330 2517 1360 2544; x_wconf 82' lang='grc' dir='ltr'><strong><em>ἐν</em></strong></span> <span class='ocrx_word' id='word_1_374' title='bbox 1385 2521 1507 2555; x_wconf 75' lang='grc' dir='ltr'><strong><em>νεαροΐσ</em></strong></span> <span class='ocrx_word' id='word_1_375' title='bbox 1531 2516 1642 2551; x_wconf 77' lang='grc' dir='ltr'><strong><em>ὕμνοισ</em></strong></span> <span class='ocrx_word' id='word_1_376' title='bbox 1666 2516 1827 2554; x_wconf 72' lang='grc' dir='ltr'><strong><em>ῥὰψαντεσ</em></strong></span> <span class='ocrx_word' id='word_1_377' title='bbox 1852 2515 1958 2551; x_wconf 67' lang='grc' dir='ltr'><strong><em>ἀοιδήν</em></strong></span> <span class='ocrx_word' id='word_1_378' title='bbox 1980 2514 2075 2553; x_wconf 79' lang='lat' dir='ltr'>(Hes-</span> 
     </span>
     <span class='ocr_line' id='line_1_36' title="bbox 250 2559 2076 2607; baseline 0.004 -19"><span class='ocrx_word' id='word_1_379' title='bbox 250 2559 291 2588; x_wconf 75' lang='lat' dir='ltr'>fr.</span> <span class='ocrx_word' id='word_1_380' title='bbox 327 2560 415 2597; x_wconf 81' lang='lat'>265),</span> <span class='ocrx_word' id='word_1_381' title='bbox 451 2570 507 2590; x_wconf 78' lang='lat' dir='ltr'>eos</span> <span class='ocrx_word' id='word_1_382' title='bbox 543 2562 730 2592; x_wconf 82' lang='lat' dir='ltr'>recentiori</span> <span class='ocrx_word' id='word_1_383' title='bbox 767 2566 871 2594; x_wconf 76' lang='lat' dir='ltr'>aetati</span> <span class='ocrx_word' id='word_1_384' title='bbox 903 2565 1022 2595; x_wconf 85' lang='lat' dir='ltr'>deberi</span> <span class='ocrx_word' id='word_1_385' title='bbox 1047 2566 1272 2597; x_wconf 75' lang='lat' dir='ltr'>manifestum</span> <span class='ocrx_word' id='word_1_386' title='bbox 1298 2571 1364 2603; x_wconf 80' lang='lat' dir='ltr'>est3</span> <span class='ocrx_word' id='word_1_387' title='bbox 1391 2568 1452 2598; x_wconf 89' lang='lat' dir='ltr'>sed</span> <span class='ocrx_word' id='word_1_388' title='bbox 1477 2567 1616 2599; x_wconf 81' lang='lat' dir='ltr'>etiamsi</span> <span class='ocrx_word' id='word_1_389' title='bbox 1640 2577 1742 2607; x_wconf 85' lang='lat' dir='ltr'>quam</span> <span class='ocrx_word' id='word_1_390' title='bbox 1766 2567 1915 2598; x_wconf 81' lang='lat' dir='ltr'>maxime</span> <span class='ocrx_word' id='word_1_391' title='bbox 1935 2567 2076 2605; x_wconf 87' lang='lat' dir='ltr'>genuini</span> 
     </span>
     <span class='ocr_line' id='line_1_37' title="bbox 250 2613 2078 2660; baseline 0.004 -20"><span class='ocrx_word' id='word_1_392' title='bbox 250 2615 377 2648; x_wconf 79' lang='lat' dir='ltr'>essent,</span> <span class='ocrx_word' id='word_1_393' title='bbox 412 2613 454 2642; x_wconf 88' lang='lat' dir='ltr'>ab</span> <span class='ocrx_word' id='word_1_394' title='bbox 491 2615 534 2643; x_wconf 85' lang='lat' dir='ltr'>iis</span> <span class='ocrx_word' id='word_1_395' title='bbox 568 2615 627 2652; x_wconf 91' lang='lat' dir='ltr'>qui</span> <span class='ocrx_word' id='word_1_396' title='bbox 652 2624 769 2646; x_wconf 84' lang='lat' dir='ltr'>vocem</span> <span class='ocrx_word' id='word_1_397' title='bbox 795 2619 957 2655; x_wconf 76' lang='grc' dir='ltr'><strong><em>ῥαψωιὸόν</em></strong></span> <span class='ocrx_word' id='word_1_398' title='bbox 980 2619 1256 2657; x_wconf 74' lang='lat' dir='ltr'>interpretantur</span> <span class='ocrx_word' id='word_1_399' title='bbox 1278 2621 1421 2658; x_wconf 88' lang='lat' dir='ltr'>impune</span> <span class='ocrx_word' id='word_1_400' title='bbox 1446 2625 1589 2659; x_wconf 80' lang='lat' dir='ltr'>possent</span> <span class='ocrx_word' id='word_1_401' title='bbox 1611 2622 1760 2660; x_wconf 86' lang='lat' dir='ltr'>neglegi,</span> <span class='ocrx_word' id='word_1_402' title='bbox 1784 2622 1947 2659; x_wconf 84' lang='lat' dir='ltr'>quoniam</span> <span class='ocrx_word' id='word_1_403' title='bbox 1971 2620 2078 2657; x_wconf 78' lang='grc' dir='ltr'><strong><em>ἀοιδὴν</em></strong></span> 
     </span>
     <span class='ocr_line' id='line_1_38' title="bbox 248 2667 2071 2713; baseline 0.004 -19"><span class='ocrx_word' id='word_1_404' title='bbox 248 2667 375 2704; x_wconf 64' lang='grc' dir='ltr'><strong><em>ῥάπτειν</em></strong></span> <span class='ocrx_word' id='word_1_405' title='bbox 398 2675 465 2696; x_wconf 91' lang='lat' dir='ltr'>non</span> <span class='ocrx_word' id='word_1_406' title='bbox 491 2669 600 2705; x_wconf 85' lang='lat' dir='ltr'>magis</span> <span class='ocrx_word' id='word_1_407' title='bbox 622 2669 760 2698; x_wconf 72' lang='lat' dir='ltr'>insolite</span> <span class='ocrx_word' id='word_1_408' title='bbox 785 2673 837 2699; x_wconf 76' lang='lat' dir='ltr'>est</span> <span class='ocrx_word' id='word_1_409' title='bbox 863 2671 994 2700; x_wconf 79' lang='lat' dir='ltr'>dictum</span> <span class='ocrx_word' id='word_1_410' title='bbox 1021 2681 1123 2709; x_wconf 88' lang='lat' dir='ltr'>quam</span> <span class='ocrx_word' id='word_1_411' title='bbox 1149 2673 1256 2711; x_wconf 65' lang='grc' dir='ltr'><strong><em>ἀοιδὴν</em></strong></span> <span class='ocrx_word' id='word_1_412' title='bbox 1282 2675 1421 2712; x_wconf 76' lang='grc' dir='ltr'><strong><em>ὑφαίνειν</em></strong></span> <span class='ocrx_word' id='word_1_413' title='bbox 1445 2674 1500 2703; x_wconf 88' lang='lat' dir='ltr'>vel</span> <span class='ocrx_word' id='word_1_414' title='bbox 1524 2676 1605 2704; x_wconf 80' lang='grc' dir='ltr'>κακὰ</span> <span class='ocrx_word' id='word_1_415' title='bbox 1628 2676 1764 2713; x_wconf 77' lang='grc' dir='ltr'><strong><em>ῥάπτειν,</em></strong></span> <span class='ocrx_word' id='word_1_416' title='bbox 1791 2675 1889 2704; x_wconf 91' lang='lat' dir='ltr'>Dion.</span> <span class='ocrx_word' id='word_1_417' title='bbox 1915 2673 1995 2703; x_wconf 85' lang='lat' dir='ltr'>Thr.</span> <span class='ocrx_word' id='word_1_418' title='bbox 2021 2673 2071 2708; x_wconf 66' lang='lat'>§5</span> 
     </span>
     <span class='ocr_line' id='line_1_39' title="bbox 249 2718 2072 2764; baseline 0.004 -17"><span class='ocrx_word' id='word_1_419' title='bbox 249 2721 284 2747; x_wconf 75' lang='lat' dir='ltr'>et</span> <span class='ocrx_word' id='word_1_420' title='bbox 306 2718 517 2749; x_wconf 85' lang='lat' dir='ltr'>Heliodorus</span> <span class='ocrx_word' id='word_1_421' title='bbox 541 2720 783 2758; x_wconf 75' lang='lat' dir='ltr'>ludimagister</span> <span class='ocrx_word' id='word_1_422' title='bbox 809 2722 851 2751; x_wconf 85' lang='lat' dir='ltr'>ad</span> <span class='ocrx_word' id='word_1_423' title='bbox 875 2723 972 2752; x_wconf 86' lang='lat' dir='ltr'>illum</span> <span class='ocrx_word' id='word_1_424' title='bbox 993 2724 1107 2754; x_wconf 86' lang='lat' dir='ltr'>locum</span> <span class='ocrx_word' id='word_1_425' title='bbox 1132 2724 1238 2755; x_wconf 86' lang='lat' dir='ltr'>Bekk.</span> <span class='ocrx_word' id='word_1_426' title='bbox 1260 2726 1388 2755; x_wconf 81' lang='lat' dir='ltr'>Anecd.</span> <span class='ocrx_word' id='word_1_427' title='bbox 1416 2726 1479 2756; x_wconf 84' lang='lat'>765</span> <span class='ocrx_word' id='word_1_428' title='bbox 1503 2735 1553 2764; x_wconf 84' lang='lat' dir='ltr'>sq.</span> <span class='ocrx_word' id='word_1_429' title='bbox 1688 2727 1712 2757; x_wconf 85' lang='grc' dir='ltr'>α’</span> <span class='ocrx_word' id='word_1_430' title='bbox 1731 2727 1805 2757; x_wconf 91' lang='lat' dir='ltr'>Non</span> <span class='ocrx_word' id='word_1_431' title='bbox 1830 2736 1869 2756; x_wconf 80' lang='lat' dir='ltr'>ea</span> <span class='ocrx_word' id='word_1_432' title='bbox 1890 2726 1963 2756; x_wconf 83' lang='lat' dir='ltr'>sola</span> <span class='ocrx_word' id='word_1_433' title='bbox 1982 2726 2072 2755; x_wconf 76' lang='lat' dir='ltr'>litte-</span> 
     </span>
     <span class='ocr_line' id='line_1_40' title="bbox 251 2771 2073 2817; baseline 0.006 -18"><span class='ocrx_word' id='word_1_434' title='bbox 251 2773 378 2809; x_wconf 86' lang='lat' dir='ltr'>ratura,</span> <span class='ocrx_word' id='word_1_435' title='bbox 402 2780 491 2808; x_wconf 86' lang='lat' dir='ltr'>quae</span> <span class='ocrx_word' id='word_1_436' title='bbox 520 2771 667 2802; x_wconf 84' lang='lat' dir='ltr'>debetur</span> <span class='ocrx_word' id='word_1_437' title='bbox 691 2773 911 2810; x_wconf 73' lang='lat' dir='ltr'>Phoenicibus,</span> <span class='ocrx_word' id='word_1_438' title='bbox 937 2776 1061 2806; x_wconf 86' lang='lat' dir='ltr'>Graeci</span> <span class='ocrx_word' id='word_1_439' title='bbox 1085 2778 1166 2807; x_wconf 93' lang='lat' dir='ltr'>olim</span> <span class='ocrx_word' id='word_1_440' title='bbox 1192 2780 1274 2808; x_wconf 85' lang='lat' dir='ltr'>sunt</span> <span class='ocrx_word' id='word_1_441' title='bbox 1297 2779 1360 2814; x_wconf 85' lang='lat' dir='ltr'>usi,</span> <span class='ocrx_word' id='word_1_442' title='bbox 1385 2778 1446 2808; x_wconf 87' lang='lat' dir='ltr'>sed</span> <span class='ocrx_word' id='word_1_443' title='bbox 1470 2781 1504 2808; x_wconf 64' lang='lat' dir='ltr'>et</span> <span class='ocrx_word' id='word_1_444' title='bbox 1527 2780 1720 2817; x_wconf 88' lang='lat' dir='ltr'>antiquiore</span> <span class='ocrx_word' id='word_1_445' title='bbox 1745 2782 1850 2817; x_wconf 81' lang='lat' dir='ltr'>atque</span> <span class='ocrx_word' id='word_1_446' title='bbox 1873 2777 2073 2809; x_wconf 74' lang='lat' dir='ltr'>molestiore</span> 
     </span>
     <span class='ocr_line' id='line_1_41' title="bbox 250 2823 2073 2870; baseline 0.004 -19"><span class='ocrx_word' id='word_1_447' title='bbox 250 2823 321 2858; x_wconf 83' lang='lat' dir='ltr'>illa,</span> <span class='ocrx_word' id='word_1_448' title='bbox 354 2832 441 2861; x_wconf 84' lang='lat' dir='ltr'>quae</span> <span class='ocrx_word' id='word_1_449' title='bbox 473 2826 673 2862; x_wconf 69' lang='lat' dir='ltr'>agnoscitur</span> <span class='ocrx_word' id='word_1_450' title='bbox 698 2826 731 2854; x_wconf 90' lang='lat' dir='ltr'>in</span> <span class='ocrx_word' id='word_1_451' title='bbox 756 2827 1042 2864; x_wconf 80' lang='lat' dir='ltr'>inscriptionibus</span> <span class='ocrx_word' id='word_1_452' title='bbox 1067 2827 1221 2867; x_wconf 64' lang='lat' dir='ltr'>Cypricis</span> <span class='ocrx_word' id='word_1_453' title='bbox 1247 2832 1281 2860; x_wconf 85' lang='lat' dir='ltr'>et</span> <span class='ocrx_word' id='word_1_454' title='bbox 1303 2831 1337 2860; x_wconf 92' lang='lat' dir='ltr'>in</span> <span class='ocrx_word' id='word_1_455' title='bbox 1361 2830 1547 2861; x_wconf 86' lang='lat' dir='ltr'>ruderibus</span> <span class='ocrx_word' id='word_1_456' title='bbox 1571 2833 1645 2862; x_wconf 79' lang='lat' dir='ltr'>aevi</span> <span class='ocrx_word' id='word_1_457' title='bbox 1669 2833 1855 2870; x_wconf 82' lang='lat' dir='ltr'>Mycenaei.</span> <span class='ocrx_word' id='word_1_458' title='bbox 1887 2830 2073 2860; x_wconf 73' lang='lat' dir='ltr'>Phoenicum</span> 
     </span>
     <span class='ocr_line' id='line_1_42' title="bbox 249 2877 2076 2923; baseline 0.005 -19"><span class='ocrx_word' id='word_1_459' title='bbox 249 2878 365 2905; x_wconf 79' lang='lat' dir='ltr'>autem</span> <span class='ocrx_word' id='word_1_460' title='bbox 397 2882 429 2905; x_wconf 86' lang='lat' dir='ltr'>et</span> <span class='ocrx_word' id='word_1_461' title='bbox 463 2877 631 2907; x_wconf 82' lang='lat' dir='ltr'>mercium</span> <span class='ocrx_word' id='word_1_462' title='bbox 666 2878 708 2907; x_wconf 86' lang='lat' dir='ltr'>ab</span> <span class='ocrx_word' id='word_1_463' title='bbox 733 2877 775 2907; x_wconf 83' lang='lat' dir='ltr'>iis</span> <span class='ocrx_word' id='word_1_464' title='bbox 800 2880 1068 2917; x_wconf 84' lang='lat' dir='ltr'>importatarum</span> <span class='ocrx_word' id='word_1_465' title='bbox 1094 2882 1180 2911; x_wconf 84' lang='lat' dir='ltr'>locis</span> <span class='ocrx_word' id='word_1_466' title='bbox 1205 2883 1442 2921; x_wconf 82' lang='lat' dir='ltr'>compluribus</span> <span class='ocrx_word' id='word_1_467' title='bbox 1468 2884 1588 2914; x_wconf 83' lang='lat' dir='ltr'>Iliadis</span> <span class='ocrx_word' id='word_1_468' title='bbox 1614 2887 1648 2914; x_wconf 84' lang='lat' dir='ltr'>et</span> <span class='ocrx_word' id='word_1_469' title='bbox 1671 2885 1873 2923; x_wconf 83' lang='lat' dir='ltr'>praesertim</span> <span class='ocrx_word' id='word_1_470' title='bbox 1900 2883 2076 2919; x_wconf 61' lang='lat' dir='ltr'>Odysseae</span> 
     </span>
     <span class='ocr_line' id='line_1_43' title="bbox 249 2928 2074 2976; baseline 0.007 -19"><span class='ocrx_word' id='word_1_471' title='bbox 249 2928 287 2957; x_wconf 84' lang='lat' dir='ltr'>fit</span> <span class='ocrx_word' id='word_1_472' title='bbox 319 2931 460 2965; x_wconf 83' lang='lat' dir='ltr'>mentio,</span> <span class='ocrx_word' id='word_1_473' title='bbox 492 2933 527 2960; x_wconf 88' lang='lat' dir='ltr'>et</span> <span class='ocrx_word' id='word_1_474' title='bbox 556 2943 578 2968; x_wconf 87' lang='grc' dir='ltr'><em>φ</em></span> <span class='ocrx_word' id='word_1_475' title='bbox 607 2933 669 2960; x_wconf 87' lang='grc'>391</span> <span class='ocrx_word' id='word_1_476' title='bbox 704 2936 995 2963; x_wconf 80' lang='lat' dir='ltr'>commemoratur</span> <span class='ocrx_word' id='word_1_477' title='bbox 1022 2945 1173 2973; x_wconf 63' lang='lat' dir='ltr'>papyrus,</span> <span class='ocrx_word' id='word_1_478' title='bbox 1201 2946 1218 2966; x_wconf 87' lang='lat' dir='ltr'>e</span> <span class='ocrx_word' id='word_1_479' title='bbox 1244 2938 1342 2966; x_wconf 83' lang='lat' dir='ltr'>cuius</span> <span class='ocrx_word' id='word_1_480' title='bbox 1367 2936 1464 2967; x_wconf 87' lang='lat' dir='ltr'>fibris</span> <span class='ocrx_word' id='word_1_481' title='bbox 1490 2938 1645 2967; x_wconf 82' lang='lat' dir='ltr'>chartam</span> <span class='ocrx_word' id='word_1_482' title='bbox 1669 2936 1887 2976; x_wconf 72' lang='lat' dir='ltr'>scriptoriam</span> <span class='ocrx_word' id='word_1_483' title='bbox 1913 2935 2074 2973; x_wconf 65' lang='lat' dir='ltr'>Aegsptii</span> 
     </span>
     <span class='ocr_line' id='line_1_44' title="bbox 250 2981 2074 3029; baseline 0.004 -20"><span class='ocrx_word' id='word_1_484' title='bbox 250 2981 367 3010; x_wconf 77' lang='lat' dir='ltr'>multis</span> <span class='ocrx_word' id='word_1_485' title='bbox 403 2983 551 3012; x_wconf 57' lang='lat' dir='ltr'>saeculis</span> <span class='ocrx_word' id='word_1_486' title='bbox 575 2986 653 3013; x_wconf 83' lang='lat' dir='ltr'>ante</span> <span class='ocrx_word' id='word_1_487' title='bbox 676 2984 863 3013; x_wconf 84' lang='lat' dir='ltr'>Homerum</span> <span class='ocrx_word' id='word_1_488' title='bbox 891 2990 1008 3015; x_wconf 82' lang='lat' dir='ltr'>natum</span> <span class='ocrx_word' id='word_1_489' title='bbox 1039 2987 1194 3017; x_wconf 68' lang='lat' dir='ltr'>fabricati</span> <span class='ocrx_word' id='word_1_490' title='bbox 1221 2992 1311 3024; x_wconf 64' lang='lat' dir='ltr'>sunt,</span> <span class='ocrx_word' id='word_1_491' title='bbox 1335 2992 1424 3019; x_wconf 84' lang='lat' dir='ltr'>teste</span> <span class='ocrx_word' id='word_1_492' title='bbox 1445 2990 1632 3029; x_wconf 82' lang='lat' dir='ltr'>exemplari</span> <span class='ocrx_word' id='word_1_493' title='bbox 1652 2990 1741 3028; x_wconf 86' lang='lat' dir='ltr'>quod</span> <span class='ocrx_word' id='word_1_494' title='bbox 1764 2990 1960 3020; x_wconf 84' lang='lat' dir='ltr'>etiamnunc</span> <span class='ocrx_word' id='word_1_495' title='bbox 1981 2989 2074 3017; x_wconf 82' lang='lat' dir='ltr'>extat</span> 
     </span>
    </p>
   </div>
   <div class='ocr_carea' id='block_1_5' title="bbox 249 3031 2072 3123">
    <p class='ocr_par' dir='ltr' id='par_1_7' title="bbox 249 3031 2072 3123">
     <span class='ocr_line' id='line_1_45' title="bbox 249 3031 2072 3076; baseline 0.003 -15"><span class='ocrx_word' id='word_1_496' title='bbox 249 3031 394 3062; x_wconf 77' lang='lat' dir='ltr'>Parisiis</span> <span class='ocrx_word' id='word_1_497' title='bbox 425 3034 598 3072; x_wconf 78' lang='lat' dir='ltr'>(Papyrus</span> <span class='ocrx_word' id='word_1_498' title='bbox 630 3035 773 3075; x_wconf 83' lang='lat' dir='ltr'>Prisse).</span> <span class='ocrx_word' id='word_1_499' title='bbox 805 3037 1019 3075; x_wconf 81' lang='lat' dir='ltr'>Quamquam</span> <span class='ocrx_word' id='word_1_500' title='bbox 1049 3040 1224 3076; x_wconf 65' lang='lat' dir='ltr'>Odysseae</span> <span class='ocrx_word' id='word_1_501' title='bbox 1259 3042 1278 3071; x_wconf 94' lang='lat' dir='ltr'>l.</span> <span class='ocrx_word' id='word_1_502' title='bbox 1306 3042 1329 3071; x_wconf 90' lang='lat'>1.</span> <span class='ocrx_word' id='word_1_503' title='bbox 1359 3051 1426 3071; x_wconf 88' lang='lat' dir='ltr'>non</span> <span class='ocrx_word' id='word_1_504' title='bbox 1456 3041 1570 3072; x_wconf 74' lang='lat' dir='ltr'>charta</span> <span class='ocrx_word' id='word_1_505' title='bbox 1599 3051 1638 3072; x_wconf 83' lang='lat' dir='ltr'>ex</span> <span class='ocrx_word' id='word_1_506' title='bbox 1663 3042 1722 3072; x_wconf 72' lang='lat' dir='ltr'>illa</span> <span class='ocrx_word' id='word_1_507' title='bbox 1746 3042 1889 3072; x_wconf 83' lang='lat' dir='ltr'>materie</span> <span class='ocrx_word' id='word_1_508' title='bbox 1914 3041 2072 3070; x_wconf 72' lang='lat' dir='ltr'>confecta</span> 
     </span>
     <span class='ocr_line' id='line_1_46' title="bbox 249 3083 607 3123; baseline 0.008 -10"><span class='ocrx_word' id='word_1_509' title='bbox 249 3083 388 3121; x_wconf 81' lang='lat' dir='ltr'>dicitur,</span> <span class='ocrx_word' id='word_1_510' title='bbox 414 3086 474 3115; x_wconf 83' lang='lat' dir='ltr'>sed</span> <span class='ocrx_word' id='word_1_511' title='bbox 503 3086 607 3123; x_wconf 79' lang='lat' dir='ltr'>funis.</span> 
     </span>
    </p>
   </div>
  </div>
 </body>
</html>
