2234 3443
236 171 318 208 120
982 176 1036 203 nn
1069 176 1285 206 consoms.
1919 170 1957 214 [ἓ
1990 169 2048 207 40

353 292 441 341 Quo
467 293 632 331 maiore
659 292 783 330 laude
809 291 965 338 dignus
992 294 1060 329 est
1086 290 1159 337 qui
1190 291 1359 338 primus
1391 291 1434 328 in
1467 290 1699 330 Germania
1731 298 1882 340 sapere
1915 302 2049 330 ausus

233 369 393 398 novam
431 360 672 398 doctrinam
707 369 782 407 pro
814 358 927 397 virili
965 357 1166 405 excoluit,
1200 357 1365 406 Heyne,
1399 357 1588 396 Ernestii
1619 359 1870 411 discipulus,
1904 357 2050 397 Wolfii

234 427 458 474 magister.
503 426 581 475 Qui
623 427 687 464 vir
719 426 890 473 egregie
927 424 1136 471 erudituS,
1171 433 1320 471 sagaX,
1356 424 1510 462 sollers
1543 425 1580 462 si
1612 426 1654 463 in
1686 426 1840 465 multis
1873 426 2047 474 erravit,

232 495 443 542 temporis
474 494 518 531 hi
549 494 673 532 erant
704 502 893 540 errores;
929 493 1152 540 „praestat
1183 493 1330 529 autem
1364 492 1545 530 utilibus
1571 493 1860 532 admiscuisse
1887 493 2048 540 aliquid

237 561 375 610 „falsi,
408 571 538 608 quam
570 570 708 598 vacua
734 568 877 597 errore
902 559 977 597 sed
1003 557 1174 596 inutilia
1196 558 1398 597 attulisse
1413 560 1477 597 a.”
1503 559 1656 607 Heyne
1681 561 1784 599 dum
1808 560 2050 600 exornabat

232 629 382 667 Iliadis
421 628 656 666 editionem
694 627 918 672 maiorem,
952 635 1083 672 quam
1115 626 1476 673 septuagenarius
1508 627 1550 664 in
1582 627 1724 666 lucem
1755 628 1902 666 emisit
1914 625 1943 676 b,
1977 627 2049 666 ali-

233 697 484 743 quantisper
516 705 622 732 usus
647 696 714 732 est
739 692 979 740 exemplari
1006 692 1187 731 Homeri
1213 692 1468 732 Bentleiano
1480 697 1507 732 ⁶.
1536 694 1629 732 Hac
1654 694 1830 733 demum
1849 696 2050 743 editione,

233 772 344 810 quae
388 762 667 800 vehementes
709 760 937 798 hominum
981 760 1285 798 contentiones
1320 762 1460 799 movit
1490 763 1533 799 et
1564 761 1657 799 seni
1687 761 1924 799 venerabili
1955 761 2052 809 plus

234 831 367 870 taedii
406 830 573 878 peperit
605 838 736 876 quam
764 828 908 866 laudis
939 827 1265 876 meritissimae,
1298 828 1341 866 in
1375 828 1693 876 philologorum
1727 829 1927 867 notitiam
1959 839 2050 877 per-

234 903 446 936 venerunt
486 896 654 935 Bentlei
693 896 854 944 placita
894 895 945 933 de
986 896 1082 934 soni
1123 910 1152 946 f
1195 905 1276 934 usu
1308 895 1555 934 Homerico.
1588 895 1686 943 Ipse
1717 897 1865 934 autem
1898 896 2051 943 Heyne

235 966 285 1004 de
326 964 401 1003 illa
441 973 632 1002 consona
670 963 766 1001 fuse
807 958 1083 1010 disputavitd
1122 964 1166 1001 et
1201 972 1356 1000 vocum
1391 973 1499 1010 quas
1530 963 1573 1000 in
1606 962 1786 1001 Homeri
1820 962 1969 1010 lingua
2000 963 2052 1001 ab

235 1043 286 1071 ea
318 1032 511 1080 coepisse
543 1030 830 1070 existimabat
861 1030 1109 1078 composuit
1142 1030 1346 1068 indicem.

353 1099 439 1138 Uni
484 1100 601 1137 certe
646 1098 752 1146 viro,
799 1099 956 1134 πολλῶν
1003 1095 1188 1143 ἀνταξίωι
1232 1095 1376 1137 ἄλλων,
1415 1096 1467 1135 de
1506 1097 1568 1135 rei
1608 1106 1785 1135 summa
1823 1096 2053 1145 persuasit,

236 1166 473 1206 Godofredo
515 1165 782 1212 Hermanno,
810 1164 882 1211 qui
913 1164 957 1202 in
988 1164 1126 1202 Reizii
1155 1164 1306 1202 schola
1335 1163 1581 1202 Bentleium
1614 1165 1833 1212 suspicere
1866 1175 1890 1202 a
1924 1173 2055 1211 puero

234 1234 442 1272 didicerat
454 1239 482 1271 e.
516 1233 801 1280 Argumenta,
828 1241 939 1279 quae
964 1233 1116 1269 contra
1142 1231 1366 1278 digamma
1382 1232 1666 1270 Homericum
1685 1231 1854 1279 prolata
1868 1231 2054 1279 fuerant,

235 1302 423 1340 refutare
456 1302 500 1339 et
531 1300 627 1338 soni
658 1299 787 1338 huius
817 1299 861 1337 in
889 1299 1011 1347 epica
1036 1298 1186 1347 lingua
1211 1308 1340 1336 usum
1369 1299 1498 1337 iustis
1524 1297 1682 1337 finibus
1700 1299 2055 1337 circumscribere

236 1370 417 1408 conatus
459 1370 527 1407 est
567 1368 610 1406 in
642 1367 801 1406 iudicio
833 1367 945 1415 quod
976 1366 1077 1405 tulit
1109 1367 1160 1406 de
1193 1367 1354 1414 Heynii
1383 1363 1554 1406 Iliades
1580 1368 1623 1405 et
1654 1366 1795 1404 fusius
1825 1367 1869 1404 in
1903 1366 2058 1404 disser-

234 1437 398 1475 tatione
430 1436 482 1474 de
513 1436 656 1473 aetate
686 1434 912 1482 scriptoris
936 1434 1376 1481 Argonauticorumff.
1405 1434 1589 1481 Magnus
1614 1435 1761 1473 autern
1791 1434 1884 1472 eius
1908 1433 2055 1472 adver-

235 1504 377 1543 sarius
408 1502 651 1541 Boeckhius
682 1502 763 1540 hac
794 1503 909 1540 certe
941 1502 985 1539 in
1017 1511 1062 1539 re
1094 1511 1193 1539 cum
1227 1511 1276 1539 eo
1306 1500 1424 1540 fecit.

356 1571 502 1609 Novae
549 1569 772 1608 doctrinae
818 1571 1031 1616 quantum
1073 1567 1236 1616 profuit
1275 1568 1435 1616 Heynii
1479 1568 1583 1607 Ilias
1622 1569 1757 1616 copiis
1787 1568 2057 1606 Bentleianis

237 1640 462 1686 exornata,
503 1636 764 1676 tantundem
807 1645 912 1674 mox
954 1638 1195 1674 nocuerunt
1237 1645 1365 1674 curae
1406 1635 1583 1674 criticae
1614 1636 1697 1674 viri
1725 1645 1864 1683 neque
1895 1635 2058 1673 indocti

236 1717 377 1754 neque
409 1705 570 1753 stolidi,
603 1704 679 1743 sed
710 1703 954 1742 audacioris
986 1712 1118 1750 quam
1150 1703 1367 1752 doctioris,
1401 1702 1571 1742 Ricardi
1598 1703 1744 1750 Payne
1772 1702 1951 1750 Knight.
1980 1701 2057 1750 Qui

237 1772 607 1822 quadragenarius
653 1772 704 1810 de
749 1781 856 1810 sono
901 1786 931 1822 f
978 1768 1263 1820 disputavitb,
1304 1772 1619 1819 sexagenarius
1659 1771 1974 1819 Prolegomena
2005 1770 2057 1808 ad

239 1842 479 1880 Homerum
520 1836 778 1888 evulgaviti,
822 1838 1189 1886 septuagenarius
1230 1841 1378 1877 autem
1420 1839 1515 1887 ipsa
1556 1839 1740 1877 Homeri
1781 1839 1975 1877 carmina
2014 1838 2059 1876 in

236 1909 379 1948 lucem
410 1908 558 1947 emisit
593 1907 882 1955 „repurgata”
917 1908 964 1944 ut
996 1905 1141 1944 aiebat
1173 1908 1245 1954 „et
1272 1906 1314 1944 in
1341 1906 1572 1954 pristinam
1600 1907 1787 1945 formam
1815 1903 2057 1945 redacta’'j.

239 1976 354 2026 Quae
385 1976 516 2015 editio
548 1985 654 2023 quas
680 1974 838 2012 habeat
863 1974 1063 2020 virtuteS‚
1090 1983 1222 2022 quam
1248 1973 1387 2012 multa
1408 1974 1545 2012 insint
1561 1974 1795 2022 prudenter
1812 1973 2057 2020 observata,

237 2054 367 2091 quam
399 2043 541 2081 multa
571 2042 744 2090 egregio
775 2042 939 2080 mentis
969 2042 1172 2079 acumine
1203 2042 1448 2090 emendata,
1480 2042 1518 2080 is
1549 2042 1726 2080 demum
1760 2041 1958 2090 agnoscit
1987 2041 2057 2087 qui

236 2111 490 2149 interiorem
523 2119 622 2148 cum
654 2119 705 2148 ea
734 2108 957 2148 contraxit
978 2108 1349 2155 familiaritatem3
1379 2119 1487 2156 quae
1515 2118 1617 2147 vero
1643 2109 1794 2146 insunt
1809 2108 2057 2155 temeraria,

239 2177 439 2221 absurda,
487 2176 664 2224 ludicra,
715 2198 767 2204 —
817 2178 860 2214 et
905 2176 1057 2214 insunt
1097 2176 1307 2224 plurima!
1354 2198 1407 2203 —
1450 2186 1500 2215 ea
1531 2175 1876 2222 uniuscuiusque
1907 2174 2057 2212 statim

238 2245 399 2283 feriunt
415 2244 577 2292 oculos,
605 2244 658 2282 ad
686 2243 818 2282 sobrii
843 2243 990 2281 iudicii
1015 2243 1217 2282 homines
1241 2243 1512 2291 repellendos
1529 2243 1770 2292 aptissima.
1788 2243 1886 2290 Ipse
1902 2241 2060 2280 titulus

243 2314 430 2362 „Fufius
470 2326 537 2349 και
581 2310 830 2356 Ι-οόυσσεια”
862 2311 1000 2349 risum
1034 2313 1196 2349 movet.
1229 2310 1430 2349 Wilwias
1461 2312 1567 2349 haec
1601 2311 1749 2359 „ebria
1780 2310 1981 2348 veratro”
2014 2309 2057 2347 in

239 2381 511 2418 contemtum
566 2389 681 2417 nova
736 2378 881 2417 studia
933 2378 1247 2427 aliquantisper
1293 2378 1489 2417 adduxit.
1536 2378 1684 2416 Multis
1722 2379 1809 2416 iarn
1856 2376 2060 2415 sordebat

238 2447 461 2494 digamma
496 2446 869 2495 „Britannicum'’,
901 2448 945 2485 et
973 2446 1211 2485 verendum
1239 2446 1466 2484 videbatur
1491 2456 1544 2484 ne
1569 2445 1698 2484 ludus
1716 2446 1921 2492 iocusque
1937 2443 2059 2482 fieret

239 2513 455 2562 sapientia
485 2514 583 2562 ista,
616 2523 724 2561 quae
752 2514 1064 2552 vocabulorum
1091 2515 1264 2562 pareret
1289 2513 1594 2552 huiuscemodi
1611 2514 1832 2561 portenta:
1850 2514 2059 2561 ῖφθῑμορσ,

238 2593 431 2632 πσυρχασ,
473 2591 679 2632 αχαιρορσ,
721 2592 899 2633 εφιρενσ,
942 2581 1074 2632 (hepo,
1115 2583 1314 2633 δριλμοῇο,
1358 2581 1444 2619 alia
1482 2583 1708 2621 sexcenta.
1748 2579 1842 2618 HOC
1881 2579 2056 2616 demum

327 2715 346 2734 a
370 2705 557 2734 Hermanni
587 2704 672 2733 haec
694 2706 776 2733 sunt
798 2704 903 2733 verba
927 2704 969 2733 de
996 2704 1150 2734 Seidlero
1173 2703 1208 2733 in
1232 2705 1339 2743 praes.
1364 2704 1531 2733 Element.
1556 2703 1663 2733 doctr.
1687 2704 1787 2733 metr.
1922 2699 1938 2729 b
1962 2700 2057 2728 Anno

242 2759 338 2793 1802,
362 2758 443 2787 VIII
465 2755 707 2787 voluminibus
841 2766 857 2786 c
880 2757 924 2786 Ut
948 2766 965 2786 e
990 2756 1201 2787 bibliotheca
1229 2758 1372 2795 Collegii
1398 2756 1577 2786 Trinitatis
1601 2755 1633 2786 ei
1652 2756 1849 2785 mitteretur
1868 2760 1955 2781 anno
1971 2752 2055 2780 1790

241 2811 401 2840 effecerat
425 2811 498 2840 eius
521 2810 652 2839 amicus
674 2809 835 2847 Burgess.
862 2809 912 2837 Ad
939 2807 1105 2848 Odys-seam
1130 2818 1219 2847 quae
1242 2810 1386 2846 Bentley
1412 2810 1598 2844 annotavit,
1622 2806 1721 2838 annis
1743 2807 1826 2836 1893
1847 2813 1897 2842 sq.
1918 2804 2055 2833 demum

241 2866 321 2892 sunt
343 2863 435 2892 edita
456 2863 498 2892 ab
517 2862 665 2892 Arthuro
686 2862 778 2891 Platt
794 2861 828 2890 in
850 2862 992 2892 Journal
1014 2862 1251 2900 ofPhilology.
1387 2862 1409 2892 d
1430 2862 1503 2892 Vol.
1527 2861 1591 2891 VII
1617 2860 1811 2895 708-772;
1838 2866 1939 2896 quam
1964 2864 2055 2886 com—

242 2916 485 2945 mentationem
519 2924 606 2944 anno
632 2915 714 2944 1795
739 2915 773 2944 in
797 2915 962 2944 societate
986 2915 1081 2951 regia
1104 2913 1339 2953 Goettingensi
1364 2916 1579 2945 recitaverat.
1713 2921 1729 2942 e
1752 2910 1863 2941 Praef.
1887 2909 1976 2940 Med.
2002 2909 2057 2944 VI,

242 2968 349 2998 Elem.
373 2967 480 2997 doctr.
504 2970 602 2997 metr.
626 2967 702 3003 XII,
726 2967 851 3005 Opusc.
875 2967 909 2996 II
937 2968 999 2995 263
1025 2975 1099 3004 sqq.
1234 2967 1257 3004 f
1275 2970 1371 2997 Anno
1394 2968 1490 2997 1803.
1621 2966 1752 3005 yAnno
1768 2965 1863 2998 1805,
1888 2971 1965 3001 pag.
1981 2963 2056 2996 688,

243 3021 306 3050 775
331 3029 406 3057 sqq.
563 3020 581 3049 Ιι
606 3021 702 3050 Anno
725 3021 822 3057 1791,
844 3019 1035 3056 Analytical
1059 3020 1167 3057 Eseay
1191 3028 1232 3049 on
1257 3020 1314 3050 the
1340 3020 1451 3049 Greek
1475 3019 1657 3057 Alphabet.
1802 3016 1813 3046 i
1837 3018 1932 3046 Anno
1960 3015 2056 3044 1818.

242 3073 291 3103 Ex
322 3082 389 3110 quo
412 3081 515 3110 opere
539 3074 647 3103 multa
671 3072 835 3111 excripsit
857 3072 1005 3102 Thomas
1030 3071 1132 3107 Kidd,
1156 3081 1232 3101 cnm
1258 3075 1416 3109 quartam
1440 3071 1520 3101 libri
1543 3071 1735 3101 Dawesiani
1757 3067 1941 3099 editionem
1967 3066 2058 3097 notis

243 3127 315 3155 suis
337 3143 380 3146 —
403 3126 591 3155 illustravit
615 3135 656 3155 an
680 3126 816 3156 obruit?
842 3125 937 3155 1817.
1063 3123 1084 3162 j
1108 3126 1203 3154 Anno
1230 3126 1325 3155 1820.
