2234 3443
154 275 255 326 Cap.
287 276 337 316 V.
370 276 430 315 De
462 276 618 315 formis
650 277 871 339 iterativis
923 306 1823 322 .............
1888 225 1975 321 {gg

391 376 414 422 5
449 376 531 415 146
563 375 616 415 de
647 375 848 416 flexionis
879 376 1114 416 iterativae
1147 376 1352 416 terminis
1384 378 1428 416 et
1457 379 1706 426 augmento.

151 523 251 574 Cap.
283 523 355 564 VI.
387 522 448 563 De
478 522 626 563 futuro
658 532 850 562 consona.
880 533 903 560 σ
934 523 1102 563 carenti
1140 552 1817 566 ..........
1881 527 1963 566 281

386 622 410 669 5
445 624 525 664 147
569 624 622 664 de
661 624 798 664 futuri
839 633 946 663 sono
978 634 1000 661 σ
1031 625 1240 671 extruso;
1274 624 1325 664 de
1356 624 1493 664 futuri
1524 626 1825 666 contractione

267 690 449 739 vitiosa;
482 691 534 731 de
565 691 786 741 praesenti
815 692 958 730 vicem
990 691 1127 731 futuri
1158 691 1349 731 obeunti.

150 839 250 889 Cap.
282 839 376 880 VII.
409 839 470 880 De
501 841 666 880 aoristo
696 841 888 880 secundo
915 869 1818 882 .............
1884 843 1968 882 282

502 974 535 1013 Ι.
567 973 629 1013 ΒΘ
659 974 822 1013 aoristo
854 973 895 1012 11
927 974 1060 1013 activi
1092 975 1137 1013 et
1167 974 1301 1013 medii
1364 1003 1818 1016 .......
1882 976 1965 1014 282

383 1083 406 1129 5
440 1082 522 1121 148
564 1081 616 1121 de
657 1081 812 1120 aoristi
851 1080 893 1120 11
933 1081 1100 1130 origine
1132 1083 1178 1120 et
1209 1081 1569 1122 conformatione.
1602 1084 1625 1129 5
1662 1083 1744 1122 149
1776 1085 1820 1123 et

268 1150 352 1190 150
393 1152 658 1190 aoristorum
699 1149 740 1187 11
781 1151 864 1188 act.
907 1151 952 1188 et
992 1149 1107 1189 med.
1144 1149 1188 1188 in
1221 1149 1493 1188 carminibus
1525 1149 1663 1199 epicis
1695 1160 1816 1189 usur·

261 1220 463 1267 patorum
495 1217 641 1256 index.
674 1218 697 1263 5
732 1218 811 1256 151
846 1217 897 1256 de
929 1216 1181 1265 praeteritis
1211 1216 1256 1256 in
1287 1219 1398 1255 -θον,

500 1349 556 1389 11.
587 1348 648 1388 De
681 1349 843 1388 aoristo
876 1349 1019 1388 mixto
1064 1377 1814 1390 ...........
1878 1349 1960 1388 297

379 1451 403 1496 5
440 1449 522 1488 152
567 1449 619 1488 de
664 1449 830 1488 aoristo
871 1448 1106 1497 sigmatico
1146 1447 1318 1487 suffixis
1365 1447 1517 1487 aoristi
1559 1448 1599 1487 11
1646 1449 1814 1487 ornato.

258 1519 282 1565 5
317 1517 398 1556 153
430 1516 482 1555 de
514 1516 678 1555 aoristo
709 1515 750 1554 11
781 1514 951 1554 suffixis
983 1515 1135 1554 aoristi
1166 1515 1388 1563 sigmatici
1419 1516 1587 1554 ornato.

495 1648 572 1688 III.
604 1647 665 1688 ΒΘ
697 1647 860 1687 aoristo
892 1647 932 1686 11
965 1647 1131 1697 passivi
1209 1675 1811 1689 .........
1876 1648 1960 1685 299

376 1750 399 1796 5
433 1750 517 1788 154
549 1748 814 1788 aoristorum
847 1748 890 1786 in
921 1761 993 1797 -ην
1025 1746 1170 1788 index.
1203 1746 1225 1792 ἓ
1261 1748 1344 1786 155
1371 1748 1415 1786 et
1446 1747 1527 1786 156
1555 1746 1608 1785 de
1635 1746 1812 1786 aoristis

257 1815 516 1856 biformibus
547 1815 592 1854 in
623 1829 694 1865 -ην
725 1818 770 1854 et
799 1817 915 1864 -θην,

137 1981 238 2031 Cap.
270 1981 385 2021 V111.
417 1980 478 2021 De
509 1980 700 2030 perfecto
731 1980 865 2019 activi
907 2009 1806 2021 .............
1871 1980 1953 2018 301

491 2114 523 2153 I.
556 2113 618 2153 De
648 2114 828 2163 perfecti
857 2115 992 2164 stirpe
1054 2142 1805 2154 ...........
1869 2113 1952 2151 301

373 2213 394 2257 5
428 2214 508 2254 157
551 2214 604 2254 de
644 2213 824 2263 perfecti
866 2214 1054 2263 origine;
1096 2214 1288 2263 perfecta
1329 2215 1450 2263 epioa
1486 2214 1530 2253 in
1561 2228 1631 2252 -κα
1663 2223 1804 2253 recen-

251 2283 417 2321 sentur.
444 2282 467 2328 5
489 2281 571 2321 158
593 2281 886 2330 perfectorum
904 2282 1125 2330 epicorum
1145 2291 1251 2320 sono
1267 2296 1290 2319 κ
1307 2291 1394 2320 non
1413 2282 1641 2320 auctorum
1660 2281 1806 2320 index.

486 2421 541 2461 ΙΙ.
573 2421 634 2461 ΒΘ
664 2421 846 2471 perfecti
877 2421 1064 2461 flexione
1126 2450 1801 2462 ..........
1866 2422 1950 2460 305

368 2526 390 2570 5
426 2521 508 2560 159
540 2521 591 2560 de
623 2520 802 2571 perfecti
832 2520 1124 2571 subiunctivo,
1153 2521 1368 2571 optativo,
1399 2521 1641 2570 participio.
1669 2522 1690 2566 5
1720 2521 1802 2560 160

249 2588 299 2628 de
330 2587 507 2637 perfecti
537 2587 726 2628 flexione
758 2588 998 2638 primitiva.
1031 2587 1053 2630 ἓ
1089 2590 1169 2628 161
1204 2589 1256 2628 de
1286 2588 1479 2638 perfecto
1509 2586 1719 2640 ἐγρήγορεν.

130 2743 230 2794 Cap.
259 2743 332 2783 IX.
363 2743 424 2783 ΒΘ
450 2743 660 2793 stirpibus
681 2745 726 2783 in
752 2753 766 2782 ῑ
793 2743 862 2783 vel
889 2744 933 2783 in
958 2752 983 2782 ῦ
1010 2744 1080 2784 vel
1097 2745 1140 2785 in
1158 2744 1480 2794 diphthongum
1497 2742 1801 2784 desinentibus
1863 2744 1948 2782 310

482 2867 516 2907 1.
548 2867 610 2907 ΒΘ
640 2867 787 2907 verbis
816 2867 1018 2912 flexionis
1049 2869 1315 2909 thematicae
1344 2896 1796 2909 .......
1859 2867 1945 2905 310

364 2965 386 3009 ἓ
420 2967 503 3006 162
544 2967 596 3007 de
625 2977 834 3007 mensura
863 2967 960 3007 soni
989 2982 1003 3006 ι
1033 2967 1103 3008 vel
1135 2983 1160 3007 v
1191 2968 1426 3008 verborum
1457 2967 1503 3006 in
1534 2966 1601 3005 -ίω
1631 2967 1676 3006 et
1706 2966 1796 3005 -ύω,

246 3032 267 3076 ἓ
303 3034 385 3073 163
412 3031 510 3072 αὔω.
541 3033 564 3077 5
601 3035 684 3073 164
717 3029 875 3085 ῥΰομαι.
907 3038 929 3082 5
965 3035 1047 3074 165
1079 3031 1161 3084 τίω,
1189 3031 1294 3073 τίνω.
1328 3038 1350 3081 5
1380 3035 1462 3074 166
1490 3031 1642 3084 φθίνω.
1667 3038 1689 3081 5
1711 3033 1791 3073 167

244 3100 405 3151 δύομαι,
434 3095 555 3140 δΰνω.
587 3101 609 3144 ἓ
644 3101 726 3140 168
758 3099 912 3154 δέδμα,
940 3099 1142 3153 ded-potua,
1171 3101 1442 3154 dsffft'ooopm.
