2234 3443
158 183 182 228 ἓ
215 183 255 229 2]
941 191 995 218 m:
1027 190 1182 219 murno.
1923 186 1977 224 45

515 305 643 355 μάτηρ
676 301 713 343 δ’
749 302 798 343 οὔ
829 318 876 354 με
907 303 1007 353 φίλκ
1037 303 1133 353 πρίν
1163 298 1194 354 γ’
1231 302 1291 342 εἴα
1323 304 1613 353 θωρήσσεσθαι
1625 313 1655 342 α.

513 370 768 423 φευγέμεναι’
800 370 860 411 τοὶ
893 368 928 410 δ’
964 366 1068 420 αἶψα
1101 370 1262 409 διώκειν
1293 368 1547 421 ὡρμήθησαν
1560 368 1586 409 ⁶.

513 440 704 478 Μούλιον
735 438 945 489 αἰχμητήν·
977 436 1161 490 γαμβρὸσ
1192 433 1228 476 δ’
1263 431 1315 488 ἧν
1348 435 1525 489 Αὐγείαο
1537 445 1563 476 0.

275 507 392 558 Quae
438 502 718 557 προέπεμψεᾶ,
766 504 851 555 elue,
887 502 1172 555 “Ηρακλεέοσ7’,
1214 503 1416 557 ἐρείσαοθ,
1455 504 1536 543 εἴαε
1551 502 1584 555 7¹,
1614 502 1859 557 διωκέμεν’ῐ,
1892 506 1980 546 &evj

156 576 259 614 sunt
287 574 556 624 proferenda.
588 574 709 613 Idem
740 573 929 612 fortasse
961 573 1075 612 cadit
1106 573 1151 611 in
1183 572 1465 611 hemistichia
1493 574 1741 621 sequentia:

511 640 579 679 καί
606 643 754 691 χαλκοῦ
782 640 941 691 (χαλκόο
954 638 990 691 ?)
1020 639 1243 689 νηησάσθω
1260 637 1291 676 lc,

508 706 551 746 ἐῢ
584 706 722 755 ξεστὰσ
745 703 960 746 ’λούσαντο
991 703 1302 758 (’λοε’σαντοῖ))ῑ.

504 771 741 825 Ὀδυσσῆοσ
772 774 902 813 θείοιο
935 770 1126 825 (θεΐοιοῩ)
1138 782 1177 811 ⁷²1.

508 842 663 892 κούρκσ
694 844 955 891 τηλεκλειτοῖο
988 843 1189 884 (-κλεῖτοῖο
1201 842 1279 886 ‘?)⁷¹.

153 910 267 950 Item
299 910 343 950 in
376 909 485 949 alios
517 919 673 948 versus
705 909 773 948 his
804 909 977 948 similes
990 915 1020 948 ⁰.

273 977 480 1017 Graviore
512 977 619 1016 vitio
652 979 905 1026 corruptum
938 986 1035 1015 esse
1067 976 1248 1015 Hesiodi
1280 977 1396 1015 hunc
1427 987 1628 1016 versum:

501 1046 709 1095 γουνοῖσιν
738 1041 955 1082 κατένασσε
986 1043 1181 1093 Νεμείκσ,
1214 1040 1307 1094 πῆμ’
1344 1042 1581 1095 ἀνθρώποισ
1593 1054 1614 1083 Ι)

152 1113 375 1152 testantur
401 1113 619 1151 terminus
644 1122 799 1161 parum
827 1112 978 1160 epicus
1004 1124 1086 1150 -οισ
1102 1120 1119 1150 q
1148 1114 1192 1151 et
1214 1112 1359 1160 prisca
1377 1112 1596 1153 clausula:
1630 1117 1743 1162 πῆμα
1760 1112 1967 1162 βροτοῖσιν

270 1177 460 1218 Dubium
486 1180 635 1218 autem
664 1189 760 1218 esse
788 1179 940 1227 nequit
971 1179 1074 1227 quin
1099 1179 1281 1218 verbum
1309 1189 1478 1228 versus,
1499 1179 1571 1227 qui
1589 1179 1632 1217 in
1651 1179 1978 1228 exemplaribus

152 1246 476 1294 antiquissimis
509 1248 552 1285 et
583 1246 763 1296 optimis
794 1247 857 1285 sic
888 1248 957 1286 est
988 1246 1200 1285 traditus:

506 1312 653 1352 οὕνεκα
684 1312 752 1352 τὸν
785 1313 955 1363 Χρύσκν
988 1310 1179 1362 ἠτίμασεν
1211 1311 1432 1363 ἀρκτῆραδ,

153 1390 381 1429 perperam
430 1376 584 1429 ἠτίμκέ
618 1403 670 1408 -
704 1380 774 1420 vel
821 1381 955 1420 etiam
1004 1381 1196 1420 deterius
1244 1378 1436 1430 ἠτίμκσεν
1480 1403 1530 1408 -
1565 1381 1780 1430 scriptum
1828 1381 1886 1420 sit
1931 1381 1975 1419 in

154 1447 488 1487 recentioribus.

270 1581 436 1621 Versus
462 1581 687 1630 spondaici
709 1582 903 1630 plerique
922 1585 1162 1621 excurrunt
1178 1583 1222 1621 in
1240 1593 1391 1622 vocem
1409 1582 1737 1632 tetrasyllabum,
1756 1584 1805 1621 ut
1823 1592 1979 1621 versus

155 1649 286 1689 modo
318 1649 480 1688 allatus
512 1650 557 1688 in
588 1647 782 1700 ἀρκτῆρα,
812 1650 938 1699 pauci
970 1651 1013 1688 in
1044 1646 1323 1700 trisyllabam,
1357 1661 1412 1688 ex
1443 1661 1529 1698 gr.:

507 1721 577 1754 τῶι
610 1712 645 1754 δ’
687 1715 767 1767 ἤδη
800 1717 874 1755 δύο
907 1714 979 1766 μὲν
1010 1716 1142 1768 γενεαὶ
1173 1717 1358 1768 μερόπων
1391 1716 1623 1768 ἀνθρώπων
1638 1717 1662 1767 f,

152 1783 409 1833 paucissimi
441 1784 484 1822 in
516 1785 850 1834 monosyllabam
865 1793 899 1834 τι,
932 1795 1001 1824 ex.
1035 1796 1121 1834 gr.:

507 1845 564 1889 ὧσ
595 1850 689 1889 ποτέ
721 1862 780 1889 τισ
810 1850 953 1904 μερέει·
985 1851 1070 1890 τότε
1102 1866 1169 1901 μοι
1201 1851 1316 1902 χάνοι
1347 1851 1480 1900 εὐρεῖα
1513 1852 1625 1903 χθών
1640 1860 1670 1899 ⁰,

153 1916 300 1955 nullus
331 1918 376 1956 in
407 1916 676 1967 disyllabam.
707 1918 785 1967 Qui
814 1919 1030 1967 videntur,
1058 1919 1119 1957 ita
1146 1920 1387 1967 comparati
1404 1921 1509 1958 sunt
1525 1921 1701 1958 tantum
1720 1929 1806 1958 non
1824 1928 1977 1957 omnes

151 1985 201 2022 ut
232 1983 435 2033 dactylus
467 1986 511 2023 in
543 1985 649 2034 pede
680 1986 831 2033 quinto
865 1986 1039 2024 restitui
1072 1986 1210 2034 possit
1243 1987 1285 2024 et
1316 1986 1471 2024 debeat
1485 1994 1522 2024 ²0.
1550 1986 1658 2024 Ecce
1682 1987 1798 2024 enim
1819 1986 1975 2025 horum

152 2060 361 2091 versuum
394 2052 566 2101 dipodia
598 2051 768 2091 finalis:

501 2115 587 2158 Ἠῶ
622 2120 713 2158 δῖαν
748 2120 830 2168 leg.
858 2116 1006 2158 ’ffliaz

504 2187 636 2240 μδρῶ
667 2186 815 2226 πολλόν
845 2188 928 2236 leg.
959 2187 1108 2240 ιριὸρόα
1121 2185 1155 2225 47.

507 2254 617 2293 αἰδοῖ
645 2254 797 2307 ,ρείκων
829 2254 913 2303 leg.
946 2253 1092 2293 αῐδόῖῑ.

507 2324 674 2360 Λκτοῦσ
707 2321 798 2360 υἱόσ
831 2328 898 2360 -ῶι
932 2322 1015 2371 leg.
1048 2321 1213 2360 Λκτόοσ
1229 2329 1258 2359 ἃ.

241 2519 261 2537 ιι
285 2511 310 2538 Σ
335 2509 410 2538 189.
591 2507 607 2537 b
632 2510 663 2537 K
688 2509 765 2539 359.
921 2518 937 2538 c
959 2511 987 2537 A
1013 2508 1089 2545 739,
1115 2508 1199 2538 item
1224 2511 1254 2538 N
1277 2509 1353 2538 428.
1515 2507 1538 2539 d
1560 2508 1579 2548 ἓ
1606 2509 1681 2539 131.
1840 2517 1856 2537 e
1879 2507 1897 2546 ξ
1924 2508 1976 2538 73.

282 2559 306 2596 f
330 2561 344 2597 ξ
367 2561 419 2590 73.
553 2570 575 2599 y
599 2559 618 2598 ξ
642 2560 716 2591 117.
852 2559 872 2589 h
896 2560 1003 2599 §191.
1150 2560 1163 2590 i
1185 2560 1204 2599 ἓ
1221 2561 1295 2591 125.
1421 2560 1443 2600 j
1467 2560 1576 2599 §302
1712 2560 1732 2590 lc
1755 2565 1774 2591 Ι
1800 2561 1876 2597 137,
1901 2561 1977 2590 279.

287 2611 301 2642 l
323 2614 354 2642 Κ
378 2613 453 2649 576,
477 2613 496 2651 5
521 2613 597 2645 295.
744 2623 772 2642 m
798 2617 817 2643 1
840 2614 903 2643 218
930 2626 943 2643 ε
969 2614 1031 2643 198
1055 2623 1077 2642 n
1103 2614 1157 2650 53,
1181 2613 1200 2652 ἓ
1226 2614 1254 2644 7.
1398 2623 1418 2643 n
1442 2615 1479 2646 Ξ
1499 2614 1576 2650 320,
1599 2613 1618 2652 ξ
1645 2614 1674 2644 7.
1820 2621 1837 2641 o
1862 2616 1892 2643 Γ
1912 2614 1976 2642 340

154 2668 182 2694 Ζ
211 2665 252 2694 14
275 2668 305 2694 Ν
329 2665 393 2695 512
420 2668 455 2695 Π
477 2665 540 2695 647
565 2668 593 2694 P
615 2666 691 2702 670,
717 2665 781 2695 745
805 2665 839 2703 (1.
865 2675 893 2695 a.
922 2668 951 2695 T
971 2665 1049 2704 403)
1077 2670 1104 2695 Υ
1127 2666 1189 2696 145
1218 2669 1253 2696 Ψ
1273 2667 1327 2702 65,
1353 2667 1429 2703 105,
1453 2667 1529 2703 221,
1553 2667 1616 2696 813
1642 2663 1680 2706 (l.
1701 2675 1731 2695 a.
1750 2665 1782 2695 Ω
1802 2666 1877 2700 604,
1899 2662 1978 2702 673)

152 2729 176 2755 φ
202 2718 263 2747 113
289 2717 332 2748 al.
484 2728 509 2757 p
532 2718 614 2747 Hes.
640 2718 770 2756 Theog.
795 2719 871 2748 329.
1017 2727 1036 2757 q
1061 2719 1076 2755 ξ
1102 2719 1155 2748 59.
1289 2728 1306 2748 ν
1328 2730 1351 2755 μ
1378 2719 1440 2749 125
1464 2719 1497 2748 11.
1523 2720 1586 2757 Ap.
1612 2719 1688 2748 306.
1823 2727 1839 2747 s
1864 2718 1899 2747 A
1926 2718 1977 2746 11.

285 2771 298 2799 t
320 2771 355 2800 A
378 2769 454 2800 250.
611 2781 631 2800 ιι
654 2770 783 2800 Versus
806 2771 1064 2806 σπονδειάζοντεσ
1086 2771 1148 2807 illi,
1173 2771 1233 2809 qui
1257 2771 1467 2801 clauduntur
1489 2770 1673 2810 particulis
1696 2772 1739 2800 ὥσ
1762 2770 1804 2808 (Β
1829 2769 1892 2800 764
1919 2770 1976 2799 Γ2

153 2825 180 2851 Α
218 2822 281 2851 482
318 2825 334 2852 λ
370 2823 447 2860 605,
481 2820 497 2862 5
524 2823 615 2862 101),
646 2834 677 2852 τε
709 2823 750 2862 (Ε
778 2825 843 2854 448
867 2827 893 2854 ,9
919 2824 982 2853 140
1009 2823 1079 2863 aL),
1102 2822 1191 2861 aliis,
1221 2823 1258 2853 in
1281 2832 1400 2854 vocem
1431 2823 1704 2861 monosyllabam
1730 2822 1887 2852 desinere
1910 2830 1977 2851 non

151 2875 233 2904 sunt
254 2874 404 2911 dicendi,
426 2876 587 2915 quoniam
613 2885 692 2906 oum
716 2885 799 2906 voce
818 2877 974 2915 proxima
993 2876 1058 2906 hae
1082 2877 1276 2915 particulae
1297 2875 1470 2906 artissIme
1492 2876 1688 2906 cohaerent.
1821 2877 1879 2904 vA
1896 2875 1977 2909 1823

151 2927 235 2956 item
259 2929 295 2956 H
315 2928 379 2957 238
405 2929 432 2958 Θ
458 2929 520 2959 150
556 2930 584 2958 A
611 2929 671 2959 741
700 2932 732 2958 Π
756 2930 820 2959 384
849 2931 878 2958 Τ
898 2930 960 2959 117
987 2931 1022 2958 Φ
1046 2930 1122 2960 387.
1146 2929 1186 2959 In
1210 2938 1313 2959 versu
1336 2941 1355 2959 α
1381 2929 1444 2959 124
1469 2929 1622 2959 Rhianus
1646 2936 1827 2967 perperam
1851 2927 1979 2957 scribe-

152 2977 213 3008 bat
236 2980 326 3009 ὅπου
349 2990 383 3009 σε
404 2983 466 3021 χρή
487 2990 550 3020 pro
575 2982 661 3011 ὅττευ
681 2979 732 3020 (οὗ
751 2983 815 3017 τιό)
836 2992 870 3011 σε
881 2985 952 3021 χρή.
1086 2992 1112 3012 w
1136 2983 1174 3012 P.
1195 2980 1325 3020 Knight
1344 2982 1480 3018 Proleg.
1506 2982 1548 3011 47
1568 2983 1603 3011 et
1623 2982 1677 3016 96,
1701 2980 1859 3011 Gerhard
1880 2980 1976 3010 Lect.

152 3031 265 3069 Apoll.
291 3033 366 3062 143.
509 3041 530 3061 x
554 3046 563 3063 ι
590 3034 651 3064 151
677 3034 740 3070 a1.;
766 3032 894 3064 similia
921 3036 947 3064 Θ
972 3034 1037 3064 565
1061 3035 1143 3064 Hes.
1168 3035 1231 3074 Op.
1259 3035 1335 3071 574,
1359 3033 1377 3072 ξ
1404 3033 1457 3064 77.
1484 3037 1507 3063 Σ
1532 3034 1595 3063 255
1619 3033 1661 3070 μὴ
1683 3035 1807 3070 μίμνειν
1825 3032 1889 3062 Ἠῶ
1909 3032 1979 3061 δῖαν

152 3083 220 3121 leg.
243 3083 285 3122 μὴ
307 3085 465 3122 μιμνέμεν’
491 3086 573 3116 'Heia
597 3087 676 3121 δῖαν,
700 3086 719 3125 ξ
745 3087 819 3116 125.
953 3097 976 3126 z]
1004 3088 1035 3116 Κ
1058 3087 1136 3126 574,
1159 3087 1176 3125 ἓ
1205 3087 1257 3118 77.
1391 3097 1408 3116 :z
1437 3088 1467 3116 K
1490 3086 1567 3123 238,
1592 3084 1608 3125 ξ
1635 3085 1688 3117 77.
1854 3093 1872 3114 a
1896 3084 1978 3114 ΗΘΒ.

154 3135 243 3174 clip.
267 3137 332 3167 202
356 3137 397 3167 fr.
422 3138 476 3177 87,
500 3138 519 3176 ς
548 3139 599 3169 72.
