2234 3443
254 168 310 206 32
1039 176 1298 205 PRAEFA'rio.

258 290 479 341 „svlzassrqa
521 287 826 341 ἕμβεβλημένηι,
866 289 909 328 τὸ
951 287 994 328 δὲ
1034 288 1104 328 ἐὰν
1146 288 1427 341 ἀφηιρημένον
1459 306 1494 329 τι
1524 285 1566 341 ἧι
1598 290 1736 330 αὐτοῦ·
1772 290 2079 343 ἐπεκτεταμένον

257 354 355 406 ημὲν
388 352 476 396 οἷον
511 357 554 396 τὸ
596 358 796 396 πόλεωσ
828 357 1027 408 πόληοσ
1058 356 1124 396 καὶ
1155 357 1198 396 τὸ
1231 359 1500 409 Πηλείὸου
1535 360 1874 410 Πηληϊάδεω,
1905 359 2080 412 ἆφηιρη-

257 423 406 475 ημένον
451 423 494 463 δὲ
536 420 622 464 οἷον
655 425 697 464 τὸ
738 429 826 476 κρῖ
856 424 922 464 καὶ
955 425 997 464 τὸ
1030 426 1107 464 δῶ.
1149 424 1443 477 ἐξηλλαγμένον
1476 423 1518 465 δὲ
1550 425 1646 465 ὅταν
1677 432 1748 466 τοῦ
1780 424 2080 477 ὀνομαζομένου

256 491 324 542 »τὸ
358 489 430 542 μὲν
468 493 702 542 καταλείπηι
734 493 775 532 τὸ
809 491 852 531 δὲ
883 498 1010 543 ποιῆι,
1041 488 1128 531 οἷον
1161 492 1203 531 τὸ
1236 493 1507 543 δεξιτερὸν
1539 493 1666 533 ,κατὰ
1697 494 1858 544 μαζόν
1890 493 1977 533 ἀντὶ
2008 501 2079 534 τοῦ

257 559 540 609 ῃδεξιόν”α,
577 563 620 600 et
650 570 756 599 mox
788 562 924 600 etiam
958 561 1141 600 clarius:
1189 560 1289 610 ἢούκ
1323 559 1525 611 ἐλάχιστον
1559 559 1601 600 δὲ
1632 559 1754 612 μέροσ
1784 562 2081 613 συμβάλλονται

256 628 340 677 »εἰσ
383 626 425 666 τὸ
467 625 597 677 σαφὲσ
639 633 710 678 τῆσ
751 626 892 674 λέξεωσ
933 626 1000 665 καὶ
1032 626 1086 677 μὴ
1119 626 1321 666 ἰδιωτικὸν
1349 627 1390 666 αἱ
1422 626 1652 666 ἐπεκτάσεισ
1682 627 1748 667 καὶ
1780 627 1985 667 ἀποκοπαὶ
2015 627 2082 668 καὶ

254 694 489 747 ηέξαλλαγαὶ
532 701 611 734 τῶν
653 693 873 745 ὀνομάτων.
916 693 983 733 διὰ
1013 693 1088 746 γὰρ
1119 693 1161 733 τὸ
1195 692 1326 733 ἅλλωσ
1357 693 1460 745 ἔχειν
1491 692 1516 745 ἢ
1549 693 1605 733 cim
1635 694 1678 734 τὸ
1709 695 1867 747 κύριον,
1896 695 2004 747 παρὰ
2035 695 2077 735 τὸ

253 762 429 812 „cimaea
464 763 704 815 γιγνόμενον
733 762 775 802 τὸ
803 761 857 812 μὴ
883 761 1088 800 ἰδιωτικὸν
1115 761 1289 811 ποιήσει,
1315 760 1381 800 διὰ
1409 759 1451 800 δὲ
1478 761 1520 801 τὸ
1547 765 1760 801 κοινωνεῖν
1785 769 1856 802 τοῦ
1884 762 2079 802 εἶωθότοσ

254 831 322 885 „to
365 828 494 880 σαφὲσ
541 829 659 868 ἔσται.
699 830 796 869 ὥστε
836 829 911 868 οὐκ
953 826 1090 880 ὄρθῶσ
1131 827 1396 881 ἐπιψέγουσιν
1437 829 1476 868 οἳ
1506 827 1765 879 ἐπιτιμῶντεσ
1797 836 1865 869 τῶι
1895 831 2080 869 τοιούτωι

252 898 427 949 ᾖτρότιτωι
477 904 550 949 τῆσ
597 896 805 937 διαλέκτου
851 896 919 936 καὶ
965 898 1342 948 διακωμωιδοῦντεσ
1381 897 1450 936 τὸν
1491 897 1680 948 ποιητήν,
1709 896 1765 936 ὡσ
1797 896 2078 948 Εὐκλείδησὸ

256 965 461 1016 „o’cpycoct‘oo9
493 963 548 1004 ὡσ
584 965 742 1016 ῥάιδιον
774 964 821 1004 ὃν
853 968 985 1003 ποιεῖν
1017 965 1057 1003 εἴ
1081 976 1141 1003 τισ
1174 965 1293 1004 δώσει
1325 964 1512 1004 ἐκτείνειν
1545 961 1602 1014 ἐφ’
1641 963 1793 1004 ὁπόσον
1825 962 2082 1017 βούλεται”ὖ.

249 1035 439 1073 Putabat
464 1034 599 1082 igitur
614 1034 879 1074 Aristoteles
898 1034 1141 1073 Homerum
1165 1032 1235 1071 τὰσ
1253 1033 1403 1072 οἰκείασ
1420 1034 1516 1073 sive
1533 1033 1677 1083 κυρίασ
1696 1034 1872 1083 linguae
1890 1034 2081 1073 Graecae

249 1112 381 1141 voces
432 1101 654 1141 liberrime
697 1103 888 1150 auxisse,
936 1101 1165 1147 minuisse,
1208 1103 1423 1150 mutasse,
1464 1104 1691 1150 poetarum
1736 1102 1829 1139 iure
1872 1101 2080 1140 audacter

248 1170 426 1217 quidem
459 1169 535 1208 sed
568 1170 611 1207 et
642 1170 879 1218 prudenter
911 1178 1041 1206 usum
1072 1168 1115 1206 in
1149 1168 1339 1206 dictione
1370 1168 1639 1207 exornanda.
1671 1168 1871 1206 Priscum
1904 1170 2078 1216 poetam

250 1247 381 1276 voces
407 1247 513 1275 suae
545 1237 689 1284 gentis
722 1238 766 1275 et
796 1236 866 1274 sui
898 1236 1008 1283 aevi,
1042 1235 1204 1283 partim
1238 1237 1372 1274 etiam
1405 1236 1502 1274 aevi
1534 1236 1629 1284 ipso
1661 1235 1931 1284 vetustioriS,
1959 1245 2079 1274 usur·

247 1315 377 1354 passe
407 1304 606 1352 integras
637 1314 776 1352 neque
801 1303 1005 1342 Euclides
1037 1303 1304 1352 Megarensis
1335 1304 1478 1342 sensit
1511 1325 1564 1331 —-
1594 1303 1663 1342 vel
1690 1303 1889 1351 quisquis
1921 1304 1964 1342 in
1998 1303 2080 1342 hoc

248 1373 427 1412 nomine
459 1371 582 1419 latet,
615 1381 717 1410 nam
752 1372 884 1410 verba
917 1371 1034 1409 δώσει
1064 1382 1124 1408 τισ
1156 1369 1342 1409 ἐκτείνειν
1375 1366 1433 1419 ἐφ’
1468 1368 1619 1409 ὁπόσον
1650 1371 1835 1415 βούλεται
1859 1372 1902 1409 in
1930 1371 2077 1409 trime·

245 1443 366 1479 trum
414 1441 569 1488 sponte
617 1441 824 1478 coeuntes
869 1439 1060 1478 fortasse
1105 1438 1266 1478 indicio
1298 1440 1403 1477 sunt
1448 1438 1642 1487 Eupolim
1677 1439 1870 1477 aliumve
1902 1439 2076 1486 poetam

247 1508 469 1547 comicum
512 1507 575 1545 sic
614 1507 856 1546 Homerum
901 1506 1006 1546 olim
1040 1505 1368 1556 διακωμωιδῆσαι
1401 1527 1452 1534 -
1491 1516 1630 1553 neque
1660 1506 1754 1554 ipse
1774 1505 2077 1545 Aristoteleso.

365 1576 517 1622 Itaque
550 1575 748 1624 genitivi,
782 1575 924 1622 qualis
955 1575 1024 1614 est
1056 1568 1292 1623 μελισσάων,
1322 1583 1409 1612 non
1434 1574 1478 1612 in
1505 1575 1734 1613 hominum
1754 1584 1827 1613 ore
1845 1572 2078 1620 aliquando

247 1643 340 1682 nati
382 1652 479 1681 esse
522 1643 565 1681 et
605 1653 732 1681 suam
775 1643 916 1681 vitam
959 1643 1002 1680 in
1046 1651 1251 1681 sermone
1292 1642 1545 1689 quotidiano
1582 1643 1761 1690 vixisse,
1795 1642 1871 1680 sed
1905 1652 1926 1680 e
1959 1641 2078 1680 vitae

247 1710 499 1749 communis
540 1710 696 1748 formis
727 1710 771 1749 in
807 1716 883 1748 -ῶν
914 1709 1218 1748 desinentibus
1250 1708 1453 1747 ἐπεκτάσει
1480 1710 1576 1748 sive
1608 1709 1872 1748 distractione
1904 1707 2079 1747 conficti

247 1788 345 1816 esse
377 1775 709 1827 credebanturd,
746 1779 789 1817 et
820 1777 1011 1817 similem
1046 1778 1304 1816 violentiam
1336 1800 1385 1805 —
1416 1788 1527 1826 quae
1558 1779 1601 1816 in
1633 1780 1862 1826 poetarum
1890 1777 2079 1815 dictione

245 1846 364 1885 iusta
395 1856 445 1884 ac
476 1846 673 1893 legitima
702 1845 927 1884 videbatur
952 1868 1002 1873 —
1022 1856 1230 1894 perpessa
1256 1856 1353 1885 esse
1380 1845 1514 1884 verba
1542 1856 1605 1898 ea,
1632 1855 1817 1893 quorum
1835 1843 2081 1883 infinitivus

248 1915 291 1952 in
335 1919 403 1951 -ᾶν
444 1914 712 1952 desinebate.
758 1914 828 1952 Sic
870 1914 1139 1952 recentiores
1181 1913 1356 1961 quidam
1401 1915 1556 1962 poetae
1599 1923 1648 1952 eo
1690 1914 1795 1951 sunt
1825 1912 2001 1951 deducti
2031 1913 2080 1950 ut

247 1981 465 2029 genitivos
496 1975 734 2030 Σειρηνᾶων
767 1983 811 2020 et
838 1975 1000 2031 νησᾱὲων
1027 1981 1196 2028 aliaque
1217 1981 1521 2019 huiuscemodi
1539 1982 1738 2019 monstra
1754 1977 2087 2028 confingerentf

250 2050 293 2087 et
333 2048 579 2096 genitivum
621 2049 766 2088 neutri
812 2043 1022 2087 κυανεάων
1065 2059 1149 2087 non
1191 2049 1535 2097 improbarenty.
1570 2048 1884 2087 Subiunctivus
1913 2046 2080 2096 θείομεν

249 2116 507 2154 credebatur
547 2117 680 2154 natus
714 2126 812 2155 esse
844 2127 865 2154 e
898 2117 1149 2154 communis
1183 2117 1300 2154 vitae
1331 2116 1474 2154 forma
1506 2115 1723 2163 disyllaba
1753 2118 1905 2164 θῶμεν,
1938 2116 2081 2153 mater

250 2193 271 2221 e
303 2182 406 2230 filia,
440 2183 751 2222 distractionem
778 2184 980 2222 videlicet
1008 2194 1189 2232 passum
1217 2194 1315 2222 esse
1341 2184 1448 2222 illud
1465 2187 1618 2233 θῶμεν,
1637 2183 1735 2222 dein
1748 2183 2077 2232 productionem,

250 2251 350 2288 dein
383 2251 703 2299 correptionem:
736 2255 874 2300 θῶμεν
905 2273 962 2277 -
993 2250 1151 2301 θέωμεν
1185 2274 1238 2279 -
1271 2251 1447 2300 θείωμεν
1477 2274 1528 2279 -
1559 2250 1723 2301 θείομεν
1738 2247 1770 2289 72.
1797 2250 1911 2289 Fieri
1929 2251 2077 2288 autem

339 2401 359 2419 a
384 2391 523 2420 Aristot.
561 2392 656 2420 Poet.
695 2392 734 2421 21
779 2392 796 2429 ἓ
832 2393 883 2422 18.
1115 2390 1130 2420 b
1165 2391 1255 2421 Ibid.
1299 2393 1339 2421 22
1372 2391 1388 2429 ἕ
1426 2392 1444 2421 8
1480 2400 1532 2429 sq.
1755 2399 1771 2420 c
1794 2390 1843 2419 Ne
1867 2386 2079 2418 recentiores

251 2443 391 2481 quidem
419 2443 587 2481 philologi
613 2442 698 2474 satis
721 2453 859 2482 semper
881 2446 1048 2474 caverunt
1072 2454 1113 2474 ne
1137 2443 1173 2474 in
1197 2444 1290 2474 hunc
1313 2453 1463 2473 errorem
1488 2442 1692 2478 inciderent,
1716 2443 1732 2480 ᾗ
1756 2443 1784 2479 ’7,
1811 2443 1864 2472 76.
1888 2441 2020 2478 Nempe
2046 2442 2080 2468 et

251 2495 365 2525 hodie,
400 2498 438 2524 ut
469 2496 562 2531 olim,
594 2497 694 2534 pueri
724 2498 823 2534 prius
852 2497 1103 2535 Xenophontis,
1137 2499 1260 2535 postea
1283 2498 1425 2527 Homeii
1449 2496 1605 2533 linguam
1630 2496 1777 2525 diseunt.
1801 2495 1909 2530 Quam
1935 2490 2083 2522 docendi

253 2549 434 2583 rationem,
469 2551 508 2577 ut
542 2543 645 2585 longo
677 2558 742 2578 u*u
778 2551 895 2579 tritam
927 2552 960 2579 et
990 2552 1137 2579 fortasse
1170 2550 1301 2587 utilem,
1332 2551 1380 2579 sic
1412 2551 1689 2588 praeposteram,
1712 2547 1918 2586 Ludolphus
1945 2545 2080 2575 Ahrens

252 2601 303 2629 vir
341 2601 465 2630 doctus
501 2603 535 2629 et
570 2609 675 2639 sagax
707 2603 841 2630 mutare
873 2602 955 2631 olim
985 2604 1038 2631 est
1068 2604 1224 2637 conatus,
1255 2611 1346 2631 nunc
1371 2605 1538 2631 conantur
1563 2601 1633 2631 alii.
1789 2599 1812 2630 d
1834 2599 1946 2630 Schol.
1972 2601 2000 2627 B
2026 2598 2082 2627 87.

386 2662 402 2682 e
426 2652 443 2689 ἓ
470 2654 545 2683 191.
672 2654 703 2693 s
723 2655 920 2691 Epicharm.
952 2654 987 2684 in
1019 2655 1124 2684 schol¹
1161 2658 1190 2684 Τ
1212 2657 1240 2691 1,
1273 2653 1356 2684 Call.
1388 2655 1422 2684 h.
1452 2655 1527 2685 Del.
1558 2657 1612 2694 66,
1634 2655 1710 2690 275,
1734 2654 1850 2690 Quint.
1875 2653 2007 2689 Smyrn.
2031 2650 2078 2680 IV

256 2707 331 2740 212,
357 2705 455 2735 Orac.
477 2705 595 2743 Sibyll.
613 2706 629 2735 I
651 2707 713 2735 229
734 2707 779 2736 XI
803 2709 877 2743 184,
898 2706 1047 2745 Oppian.
1065 2706 1192 2745 Cyneg.
1214 2708 1259 2737 IV
1281 2709 1358 2746 392,
1378 2708 1476 2737 Eust.
1498 2709 1594 2743 1363,
1616 2708 1669 2745 58,
1690 2707 1802 2745 Apoll.
1824 2706 1890 2737 lex.
1907 2706 2079 2740 ε.ν.ἐάων,

253 2758 360 2787 Flach
396 2758 454 2786 alt.
489 2758 626 2788 Heshs.
662 2760 699 2787 14
732 2767 806 2796 sqq.
832 2778 869 2783 —
896 2760 1005 2789 Multa
1036 2759 1238 2789 huiusmodi
1268 2759 1352 2789 vitia
1382 2760 1513 2790 habent
1544 2759 1710 2789 Herodoti
1740 2756 1925 2793 historiae;
1949 2758 1982 2786 in
2011 2765 2079 2793 quo

252 2819 356 2847 opere
381 2811 541 2845 ἀπικέατο,
563 2812 709 2847 breviato,
734 2812 896 2846 ὸεοπότεα,
917 2813 1078 2847 ἐδικαίευν,
1102 2815 1340 2853 παρισούμενοι),
1363 2813 1491 2842 Similia
1516 2813 1680 2850 leguntur
1697 2812 1822 2841 tradita
1844 2819 1906 2849 pro
1917 2809 2078 2847 genuinis

252 2863 397 2892 vocibus
425 2864 585 2896 ἀπίκοντο,
606 2866 753 2900 ἐγίνοντο,
779 2864 944 2900 δεσπότην,
968 2864 1133 2899 ἐδικαίουν,
1159 2867 1401 2905 παρισούμενοσ.
1431 2865 1551 2901 Qualia
1574 2865 1616 2894 ad
1641 2862 1870 2894 imitationem
1894 2862 2077 2892 verborum

251 2914 466 2945 sincerorum
502 2916 678 2951 ἐπιστέατο,
712 2917 862 2956 ὡρμέατο,
897 2917 1066 2954 Διομήδεα,
1103 2920 1281 2957 ἐποιεύμην,
1316 2917 1483 2947 similium
1519 2920 1602 2947 sunt
1635 2917 1714 2946 ficta
1751 2934 1789 2938 —
1838 2925 1903 2945 non
1935 2915 1977 2944 ab
2002 2915 2077 2953 ipso

251 2968 426 2997 Herodoto
450 2977 533 2998 suae
557 2970 670 3007 gentis
694 2970 813 3007 lingua
839 2978 912 3005 uso,
937 2970 997 2999 sed
1024 2979 1042 2998 a
1065 2969 1266 3007 posterioris
1293 2969 1370 3000 aevi
1393 2968 1632 3008 grammaticis
1656 2972 1761 3007 atque
1785 2967 2078 3005 librariis.Aeque

254 3021 376 3050 vitiosa
412 3024 492 3050 sunt
528 3031 616 3058 quae
653 3021 786 3051 librarii
822 3023 856 3050 in
890 3022 1044 3051 Herodae
1076 3021 1296 3052 Mimiambos
1319 3023 1540 3052 invexerunt:
1566 3026 1709 3059 τεμεῦσα,
1733 3023 1918 3059 χασκεύοηι,
1940 3022 2079 3059 χωρέων,

255 3074 386 3112 πυρὲων,
412 3074 489 3109 alia,
515 3083 577 3103 nec
608 3083 673 3103 non
705 3074 857 3104 eiusdem
892 3076 993 3103 notae
1018 3075 1098 3104 sunt
1123 3076 1258 3114 εἰρεῦσαι
1281 3084 1343 3113 pro
1369 3074 1564 3115 (Ηείρουσαι
1588 3074 1754 3103 traditum
1778 3074 1858 3103 Hes.
1884 3073 2010 3109 Theog.
2037 3072 2077 3101 38

257 3129 290 3155 et
314 3127 376 3155 ἵεισ
401 3135 462 3164 pro
487 3123 531 3155 εἷο
556 3127 686 3156 dictum
712 3126 745 3156 in
770 3134 872 3156 versu
897 3125 1017 3164 spurio
1041 3125 1125 3156 ibid.
1152 3128 1212 3157 145
1238 3126 1270 3166 (ἓ
1297 3127 1366 3164 91).
1497 3127 1626 3166 φΗθε.
1643 3124 1732 3164 clip.
1748 3126 1776 3155 7.
1913 3124 1933 3155 Ιι
1956 3125 1975 3163 ἓ
2002 3126 2075 3154 122.
