2234 3443
252 211 336 250 326
854 223 908 250 DE
929 222 1153 251 srmprssos
1185 223 1231 250 ΙΝ
1263 222 1299 260 α,
1329 227 1367 261 η,
1398 227 1438 249 ω.
1910 214 1947 259 [ἓ
1984 213 2063 251 191

247 335 375 373 huius
422 335 677 382 aequalibus
723 336 1016 375 concedantur
1065 337 1182 375 vocis
1228 335 1358 384 ὕμνοσ
1399 336 1620 384 genitivus
1660 334 1833 384 ὑμυώων
1875 337 1917 374 et
1948 336 2067 374 vocis

247 401 400 439 θνᾱιόσ
446 402 622 441 dativus
668 402 892 452 θνατοίοισ,
937 404 1012 441 aut
1052 403 1186 441 etiam
1230 403 1419 441 Homero
1450 402 1560 441 talia
1591 403 1858 450 denegentur
1889 412 2067 442 necesse

250 470 329 507 est.
364 469 556 508 Monstra
590 470 668 519 „ab
700 470 819 508 omni
850 470 1046 508 omnium
1078 470 1306 508 hominum
1337 470 1478 518 patrio
1510 472 1553 508 et
1583 470 1835 517 quotidiano
1868 479 2069 508 sermone

247 535 453 574 aliena”‘²
498 540 602 576 sunt
651 537 888 586 γελώωντεσ,
937 536 1119 586 δρώοιμι,
1167 535 1414 586 μνωομένωι,
1454 538 1748 586 μενοινιὶηισιό,
1789 536 1951 575 Similia
1992 546 2067 585 pro

249 602 473 652 γελαίοντεσ
485 609 513 653 ⁶,
548 598 723 652 δρὸἰοιμι,
753 601 997 652 μυᾶομένωι,
1021 598 1275 653 μενοινᾶηισι
1301 605 1477 652 scripta,
1510 606 1710 644 monstra
1740 614 1823 651 quo
1855 603 2071 642 crebriora

250 678 300 706 eo
342 670 485 708 acrius
528 671 806 717 insectanda;
845 672 1044 709 monstra
1090 672 1195 709 sunt
1234 668 1350 719 ὁρόω,
1382 668 1537 718 ὁράαισ,
1567 668 1696 720 ὁράᾶι,
1726 668 1899 720 ὁρόωιτε,
1934 667 2071 718 ὁράᾶν,

250 732 392 785 ὁρόων,
437 734 605 785 ὁρόωσα,
652 740 699 777 ut
747 738 798 777 ab
841 735 1064 776 aliorumd
1100 739 1164 776 sic
1206 740 1249 777 et
1281 738 1332 776 ab
1367 739 1589 786 epicorum
1619 739 1848 787 poetarum
1880 737 2068 776 dictione

249 812 380 850 quam
428 805 623 844 maxime
669 806 812 844 aliena
858 807 902 844 et
948 806 991 843 in
1032 807 1157 844 textu
1195 816 1281 845 non
1314 806 1555 844 cantaturis
1581 807 1742 854 scripto
1774 815 1905 854 supra
1936 815 2065 852 quam

249 870 333 908 dici
372 873 517 918 potest
550 872 751 921 absurda,
785 873 912 911 unice
945 875 1093 911 autem
1127 883 1232 911 vera
1263 874 1393 920 atque
1424 873 1614 921 genuina
1645 875 1750 911 sunt
1776 870 1895 922 ὁράω,
1924 870 2070 920 ὁράεισ,

249 933 370 986 ὁράει,
400 935 568 987 opnione,
598 938 745 988 ὁράειν,
775 937 920 991 ὅράων,
951 937 1129 989 ὁράουσα
1143 948 1171 979 e.
1205 941 1255 978 In
1285 940 1438 979 eadem
1471 950 1605 979 causa
1632 942 1864 979 versantur
1894 940 2068 978 nomina

250 1001 403 1053 (pomos,
444 1005 582 1054 66069‚
626 1007 930 1059 faotvssochrno,
975 1006 1146 1044 Αἰνείωο
1161 1004 1195 1057 ll,
1227 1007 1403 1056 νκπιέκι,
1436 1007 1629 1056 νκπιάᾶσ,
1663 1017 1772 1055 quae
1803 1006 1923 1055 φάοσ,
1957 1006 2068 1058 σάοσ,

249 1071 433 1121 -βοιίτκσ,
469 1072 647 1126 Αἰνείαο,
697 1075 868 1123 vuarim,
912 1074 1080 1111 νκπιίᾱσ
1121 1076 1225 1113 sunt
1261 1074 1502 1113 scribenda.
1545 1075 1688 1113 Etiam
1725 1074 1866 1113 dualis
1897 1075 2069 1113 numeri

249 1140 466 1179 terminus
507 1155 606 1179 -οιιν
647 1143 819 1181 videtur
861 1142 924 1181 sic
956 1143 1088 1180 natus
1120 1152 1230 1190 esse,
1264 1142 1470 1190 primitus
1501 1143 1619 1181 enim
1653 1148 1745 1180 -ωῖν
1776 1138 1958 1188 fuisse&
1991 1151 2070 1180 nec

249 1215 334 1244 non
367 1206 612 1247 infinitivus
644 1210 830 1248 vitiosus
862 1207 1018 1260 βαλέειν
1051 1211 1093 1248 et
1127 1209 1298 1248 similes
1331 1220 1353 1248 e
1378 1209 1514 1260 βαλεῖν
1533 1213 1613 1249 cet.
1641 1211 1703 1249 sic
1729 1209 1939 1258 protracti
1972 1218 2069 1247 esse

249 1273 493 1314 videnturj.
528 1276 700 1315 Simssia
727 1277 909 1324 denique
941 1286 1150 1325 perpessa
1176 1278 1279 1316 sunt
1299 1287 1409 1324 quae
1435 1277 1478 1315 in
1505 1279 1631 1316 textu
1657 1277 1818 1316 tradito
1844 1276 2070 1324 leguntur:

248 1340 433 1390 φαάνθη,
464 1344 654 1389 φάανθεν
669 1342 700 1392 k,
729 1344 973 1392 φαάντατοσ,
1007 1344 1199 1392 munceio-ca,
1238 1343 1504 1394 αὐτοχόωνον,
1532 1343 1739 1394 κραιαίνω,
1767 1343 1943 1393 §nmium
1969 1353 2068 1391 pro:

241 1403 436 1458 ’φαένθη,
463 1406 675 1460 ’φάενθεν,
711 1409 949 1460 φαέντατοσ,
984 1411 1164 1459 νκπιίᾶσ,
1200 1410 1447 1462 αὐτοχόᾶνον
1461 1408 1484 1460 2,
1517 1416 1706 1461 κρᾶαίνω,
1739 1405 1966 1461 §xpri-uvam.

367 1476 450 1515 Sed
482 1477 556 1516 illo
585 1488 707 1527 aevo,
737 1488 820 1526 quo
848 1481 1021 1518 veteres
1051 1479 1190 1517 critici
1219 1479 1488 1518 carminibus
1515 1480 1647 1528 epicis
1678 1488 1855 1528 operam
1881 1477 2072 1516 tribuere

248 1546 494 1592 coeperunt,
536 1547 742 1594 yenuinae
781 1546 1048 1585 ducebantur
1092 1545 1383 1594 ὁιεκτεταμέυαι
1416 1546 1630 1585 eiusmodi
1660 1546 1826 1585 formae
1841 1553 1873 1584 η.
1905 1545 2069 1583 Aristo·

248 1609 416 1656 phanes
456 1611 698 1659 Byzantius
729 1613 941 1652 lectiones
974 1613 1209 1651 ναιετοώσκι
1242 1616 1286 1652 et
1317 1613 1559 1651 ναιετόωσαν
1575 1620 1605 1661 0,
1638 1613 1921 1653 Aristarchus
1952 1612 2070 1650 lecti-

247 1687 375 1716 onem
406 1680 634 1718 σκιόωνταΡ
665 1680 876 1728 probabat
904 1681 947 1719 et
972 1680 1293 1720 infinitivorum
1320 1679 1613 1730 εὐχετάασθαι9
1641 1684 1769 1728 atque
1800 1678 2068 1729 ἕδριάασθαιν

248 1745 378 1794 alpha
423 1749 641 1796 posterius
691 1748 820 1787 breve
875 1758 973 1786 esse
1020 1748 1287 1796 perhibebat,
1331 1748 1430 1786 aliis
1476 1749 1638 1787 criticis
1683 1748 1862 1796 longum
1910 1748 2069 1786 visum.

248 1813 506 1861 Apollonius
537 1815 731 1854 Rhodius
758 1815 858 1853 inde
890 1815 942 1853 ab
975 1816 1118 1864 operis
1149 1816 1216 1854 sui
1249 1815 1426 1854 exordio
1456 1815 1564 1854 talia
1595 1816 1814 1854 cantavit:

660 1880 783 1931 ἀκτῆσ
817 1882 1010 1932 Θρηϊκίησ
1044 1882 1189 1932 Ζώνησ
1220 1881 1285 1920 ἔπι
1315 1883 1564 1932 τηλεθόωσαι

661 1947 789 1999 ἕξείησ
821 1949 1030 2000 στιχόωσιν
1062 1948 1308 2000 ἔπήτριμοιὸ.

367 2017 517 2064 Itaque
551 2017 594 2055 in
626 2027 788 2065 magna
819 2017 894 2056 illa
927 2019 1106 2056 caterva
1138 2017 1370 2057 verborum
1401 2018 1656 2056 insanorum
1690 2017 1859 2056 nullum
1890 2017 1974 2055 fuit
1999 2016 2066 2055 cui

248 2084 526 2131 grammatici
552 2085 726 2123 veteres
753 2085 966 2124 dixerint:
1003 2085 1146 2134 „abin'
1173 2085 1285 2133 hinc,
1313 2086 1562 2124 dierecte‘?’‘
1596 2087 1638 2124 et
1664 2086 1708 2123 in
1735 2085 2068 2133 epigrammatis

249 2151 564 2189 recentioribus
590 2161 676 2190 non
704 2153 851 2190 minus
879 2154 983 2190 sunt
1009 2152 1161 2191 crebra
1186 2162 1320 2200 quam
1338 2153 1382 2190 in
1398 2154 1524 2191 textu
1543 2153 1787 2191 carminum
1806 2152 2027 2200 epicorum
2045 2151 2070 2190 s.

249 2217 334 2256 Res
377 2219 525 2257 autem
566 2218 736 2257 ferebat
775 2221 823 2257 ut
865 2219 1049 2258 totidem
1091 2223 1239 2258 essent
1280 2229 1505 2258 morarum
1538 2221 1668 2267 atque
1699 2220 1872 2258 fuerant
1903 2219 2069 2257 formae

248 2295 333 2323 non
366 2287 630 2324 contractae.
664 2285 788 2324 Unde
821 2286 1003 2325 efficitur
1032 2288 1208 2335 poetam
1240 2287 1285 2325 in
1318 2297 1448 2325 versu
1478 2287 1542 2325 sic
1571 2287 1755 2326 tradito:

662 2352 708 2390 ὅσ
741 2364 801 2391 τισ
832 2351 1048 2401 ἀλιτραίνει
1081 2352 1148 2391 καὶ
1180 2351 1389 2392 ἀτάσθαλα
1421 2354 1705 2403 μκχανάαταιῖί

248 2418 504 2458 sabiane-tivo
537 2430 632 2458 esse
664 2430 809 2469 usum,
845 2421 1077 2460 scribenda
1108 2421 1242 2469 igitur
1274 2431 1370 2460 esse
1402 2419 1626 2470 ἀλιτραίνηι
1659 2423 1702 2459 et
1733 2421 1994 2472 μκχαιιάηται.

366 2552 610 2591 Distractas
643 2553 874 2592 verborum
919 2554 1083 2593 formas
1125 2555 1353 2593 damnavit
1385 2558 1428 2593 et
1460 2555 1647 2594 correxit
1680 2556 1827 2603 Payne
1858 2555 2064 2603 Knightv.

339 2701 358 2720 a
386 2692 515 2729 Knight
539 2690 629 2721 Prol.
655 2694 705 2722 46.
839 2691 855 2722 b
877 2693 915 2722 L.
940 2702 969 2723 a.
998 2698 1021 2722 Ο
1047 2694 1100 2724 82.
1269 2703 1285 2724 c
1313 2705 1331 2723 σ
1358 2695 1418 2724 111
1448 2705 1465 2723 v
1489 2695 1566 2730 390,
1590 2693 1606 2732 §
1632 2695 1706 2724 286.
1853 2694 1876 2724 d
1897 2694 2065 2725 Librariis

249 2745 388 2773 Homeri
423 2742 669 2782 intempestive
704 2743 919 2775 memoribus
954 2746 1125 2775 debentur
1159 2749 1296 2782 κομόωσι
1330 2747 1493 2776 Herodot.
1527 2745 1572 2776 IV
1601 2749 1661 2777 191
1689 2750 1722 2777 et
1750 2749 1923 2789 ἠγορόωντο
1947 2748 1991 2776 VI
2014 2750 2063 2777 11.

382 2805 398 2825 e
433 2797 544 2826 Etiam
578 2795 750 2827 iterativae
783 2797 967 2827 verborum
1001 2798 1131 2828 formae
1164 2799 1212 2828 sic
1246 2801 1326 2828 sunt
1352 2801 1544 2837 corruptae,
1568 2808 1618 2829 ex.
1641 2809 1691 2838 gr.
1716 2801 1918 2838 ἰχθυάασκον
1944 2800 1960 2829 ὁ
1988 2801 2064 2834 368,

250 2857 312 2877 nec
338 2858 403 2878 non
427 2848 544 2886 futura
568 2849 740 2879 elemento
765 2861 782 2879 σ
809 2851 974 2885 carentia,
1000 2859 1051 2880 ex.
1071 2859 1121 2887 gr.
1145 2853 1247 2885 ὸλάᾱν,
1272 2853 1373 2885 ἐλάων,
1398 2851 1413 2890 ξ
1437 2851 1511 2881 147.
1800 2850 1828 2891 s
1849 2852 1931 2890 Pag.
1957 2852 2018 2881 177
2033 2852 2065 2880 b.

379 2911 399 2940 9
423 2902 505 2938 Pag.
531 2902 635 2931 1710.
771 2901 790 2931 Ιι
814 2902 851 2932 L.
878 2911 907 2932 a.
932 2905 957 2931 Ε
980 2903 1054 2937 263,
1078 2904 1153 2933 323.
1354 2903 1366 2933 ι’
1390 2904 1471 2941 Pag.
1499 2905 1560 2933 158
1574 2903 1604 2933 lc.
1808 2904 1830 2944 j
1850 2905 1931 2941 Pag.
1958 2904 2018 2933 251
2035 2904 2064 2940 f.

385 2953 405 2982 ,ζ’
428 2952 509 2992 Pag.
535 2955 599 2984 300
613 2963 760 2990 mm‚nn.
898 2954 911 2984 l
933 2953 1014 2992 Pag.
1040 2956 1122 2994 589.
1264 2966 1293 2984 m
1317 2955 1337 2994 ξ
1361 2957 1437 2985 267.
1584 2966 1604 2985 n
1629 2957 1755 2992 Quinto
1779 2957 1917 2986 saeculo
1941 2955 2065 2994 priscis

252 3014 309 3034 eas
335 3005 548 3036 carminibus
572 3007 716 3036 firmiter
741 3006 933 3036 inhaesisse
957 3008 1078 3036 testari
1101 3007 1237 3037 videtur
1259 3009 1361 3037 inser.
1386 3008 1458 3038 Ion.
1484 3009 1583 3043 5674,
1607 3008 1625 3047 ἓ
1650 3009 1726 3038 302.
1901 3017 1918 3038 o
1950 3011 1980 3038 Γ
2000 3009 2063 3038 387

253 3061 280 3085 Ζ
305 3058 379 3087 415.
520 3069 543 3098 p
568 3061 601 3088 A
630 3060 702 3088 167.
848 3069 865 3099 q
886 3063 914 3088 Z
940 3060 1016 3089 268.
1149 3071 1166 3089 r
1190 3073 1207 3097 y
1233 3062 1284 3090 35.
1419 3071 1434 3090 s
1458 3061 1582 3096 Argon.
1610 3062 1626 3091 Ι
1651 3063 1691 3091 29
1720 3071 1771 3099 sq.
1905 3063 1918 3091 t
1941 3061 2062 3091 Kaibel

184 3143 188 3147 ¹
252 3109 370 3148 Epigr.
397 3112 471 3147 169,
496 3112 589 3147 208²,
613 3109 703 3148 298³,
728 3110 833 3147 312⁸,
861 3110 972 3150 1009⁴,
998 3113 1111 3142 11021.
1351 3125 1370 3143 u
1394 3115 1475 3143 Hes.
1494 3113 1595 3152 Oper.
1621 3115 1696 3143 241.
1720 3114 1959 3143 Recentiorum
1984 3123 2063 3144 vero

251 3171 393 3200 errores,
419 3171 468 3192 ex.
494 3172 543 3201 gr.
569 3165 681 3204 ὁράατι
704 3164 740 3200 Q.
767 3166 898 3202 Smyrn.
923 3165 939 3194 I
965 3165 1041 3201 420,
1063 3173 1131 3194 non
1154 3168 1235 3195 sunt
1257 3165 1477 3195 sollicitandi.
1610 3175 1627 3195 ν
1655 3166 1730 3196 Not.
1753 3175 1783 3195 a.
