2234 3443
238 1092 287 1131 In
333 1091 613 1140 sequentibus
659 1101 760 1129 vero
807 1090 1018 1138 versibus,

388 1019 414 1061 τ’
451 1022 606 1073 ἐρίφοισ
637 1037 686 1061 τε.
1031 1037 1051 1058 ν
1092 1022 1189 1060 121.

101 167 141 217 ,ς
173 164 244 209 40]
872 169 926 197 DE
959 168 1177 198 coNsoms.
1849 158 1928 196 127

176 288 274 326 234.
338 286 438 324 δῶκε
470 283 541 333 μέν
574 284 627 331 οἱ]
662 280 753 322 δῶκ’
787 281 863 331 ἄρα
882 297 960 335 foc.
1023 297 1036 320 ι
1083 282 1183 320 419.
1247 281 1327 319 πού
1360 277 1393 330 μ’
1431 276 1580 330 ἤλπετ’]
1613 277 1665 321 ἔμ’
1693 277 1873 332 ἐμέλπεί.

177 355 278 394 342.
340 347 409 392 ὧδ’
445 350 568 401 ἔρξαι]
598 349 654 389 ὢσ
684 344 834 404 μέρξαι.
1083 350 1183 387 454.
1247 346 1400 397 φρένασ
1433 347 1560 394 οἴνωι]
1594 345 1721 396 φρένα
1746 348 1904 400 folianu.

119 423 140 469 ζ
208 422 277 461 60.
340 417 382 458 δὲ
408 418 470 458 σοὶ
498 418 620 458 αὐτῶι
637 417 754 465 ἔοικε]
775 414 812 456 δ’
835 416 958 456 αὐτόν
1080 417 1180 455 469.
1244 420 1365 453 νεῦον
1383 413 1564 461 ἒκάστωι]
1586 420 1708 452 νεῦσα
1726 415 1937 467 ρεκάστωι.

400 497 441 525 σε
472 485 641 539 μέροικε.
1080 484 1179 522 530.
1241 481 1533 531 πτολιπόρθιον
1565 478 1716 528 οἴκαδ’]
1752 484 1934 532 -πορθον

179 555 277 594 258.
339 547 412 592 ὧδ’
455 553 599 604 ἕρδειν]
635 550 690 591 ὣσ
720 550 889 604 μέρδην.
1291 545 1470 601 ,μοίκαδῖ

119 637 144 673 η
178 623 276 663 234.
339 617 459 671 εἵματ’
510 619 655 658 ἰδοῦσα
685 616 689 668 Ι
719 619 834 665 καλά]
867 617 959 671 ιρέμ-
1024 621 1044 655 λ
1083 618 1181 655 213.
1243 610 1267 666 ἦ
1309 615 1346 653 τί
1385 630 1452 665 μοι
1484 615 1665 662 εἴδωλον]
1700 610 1723 666 ἦ
1755 631 1820 665 μοι
1852 615 1936 668 ,μεί-

399 702 502 737 ματα
535 687 658 724 κάλλα
688 687 692 738 Ι
721 689 820 724 τοῖα.
1295 683 1434 721 ὂωλον.

121 772 133 794 ι
209 758 278 795 60.
342 752 374 793 δ’
399 751 466 804 ἀφ’
488 753 672 800 ἓκάστκσ]
693 751 736 792 δὲ
750 753 961 806 [εκάστασ.
1084 753 1183 791 545.
1247 750 1399 801 εἴροντο
1426 748 1467 789 δὲ
1484 747 1589 789 κήδε’
1609 749 1769 797 ἑκάστη]
1788 749 1938 802 ρὲρρον

183 824 278 863 182.
341 821 461 861 σπέοσ
534 821 706 870 εἴδομεν]
794 820 966 873 ,ρίδομεν
1293 815 1319 856 τ’
1356 816 1375 856 ὅ
1406 832 1456 871 με
1486 818 1583 856 κᾶδε
1614 818 1801 870 findam.

319 887 322 890 ’
403 888 537 928 σπέοσ.
1088 888 1186 926 561.
1249 882 1328 923 ἀλλ’
1359 884 1428 937 ἄγε
1456 886 1589 936 δεῦρο,
1611 884 1726 934 ἄναξ,
1745 882 1795 923 ἵν’
1824 882 1938 938 ἕποσ]

181 959 282 999 226.
344 955 513 1007 ἐρίφουσ
531 954 647 994 τεκαὶ
660 954 974 1006 ἅρνασ].ράρνασ
1285 951 1396 1001 ἄλλα,
1411 953 1558 1005 ράναξ,
1574 951 1642 1004 ἄγε
1661 952 1938 1005 δεῦροκρέποσ.

1253 1020 1421 1059 ὤπασαν
1448 1018 1596 1067 οἴκαδ’]
1617 1021 1750 1059 δῶκαν
1762 1018 1937 1073 ροίκαδῖ

1069 1099 1176 1136 quos
1222 1089 1375 1127 tribuit
1422 1089 1722 1128 diasceuastae
1778 1089 1937 1138 Ionico,

118 1160 341 1209 digamma
371 1159 620 1207 neglectum
653 1159 691 1197 ei
725 1159 819 1196 erat
849 1157 1057 1196 indicium
1091 1155 1272 1203 originis
1305 1156 1548 1194 recentisa:

123 1243 145 1263 α
209 1228 279 1266 91.
344 1225 574 1274 ἀπειπέμεν.
1030 1239 1054 1273 η
1092 1225 1188 1264 196.
1251 1223 1346 1272 πρίν
1377 1237 1419 1274 γε
1452 1222 1520 1261 τὸν
1552 1218 1615 1262 ἧσ.

186 1295 282 1333 110.
342 1290 399 1344 ἄρ’
436 1289 559 1332 οἶνον.
1091 1292 1189 1330 202.
1252 1285 1324 1328 εὖτ’
1359 1289 1546 1339 ἔρδωμεν.

185 1362 283 1400 259.
346 1357 432 1410 παρ’
460 1358 581 1398 Ἴλου.
1092 1359 1191 1397 248.
1256 1356 1447 1406 ἐφέστιον.

184 1430 283 1468 293.
344 1442 382 1466 τε
398 1426 464 1466 καὶ
482 1427 981 1477 ἕρξηισ.Ιΐ.ΘΠ1λ9Ο(-ξω).
1091 1427 1189 1464 321.
1253 1424 1401 1464 πολλὸν
1433 1423 1636 1475 ἑκαστέρω.
1888 1473 1891 1490 λ

184 1497 284 1534 441.
349 1493 549 1544 ἐπέρυσσε.
1094 1494 1193 1532 322.
1258 1493 1301 1531 οἴ
1333 1508 1401 1542 μιν
1433 1493 1578 1530 ἴδοντο.

126 1563 148 1601 δ
186 1564 287 1602 649.
351 1561 473 1601 αὐτὸσ
505 1560 618 1600 ἑκών.
1095 1561 1193 1600 326.
1257 1559 1472 1599 ἀπήνυσαν
1505 1557 1647 1598 οἴκαδ’.

185 1631 286 1670 682.
347 1623 372 1680 ἦ
404 1628 618 1679 εἰπέμεναι.
1034 1631 1053 1665 λ
1122 1630 1191 1667 61.
1254 1626 1488 1676 ἀθέσφατοσ
1521 1623 1644 1666 οἷνοσ.

126 1722 150 1757 η
187 1707 283 1745 187.
346 1686 432 1754 659³
471 1704 582 1743 εἴπω.

246 1773 358 1811 Item
384 1773 429 1811 in
462 1772 783 1811 recentissimis
817 1781 926 1819 quae
957 1772 1039 1820 ipsi
1073 1772 1169 1809 visa
1199 1772 1303 1809 sunt
1335 1768 1668 1809 emblematisb:

129 1855 145 1879 ε
219 1841 288 1879 34.
351 1836 379 1877 κ’
420 1839 607 1877 sinduno..
1037 1854 1050 1875 ι
1102 1841 1199 1877 143.
1261 1835 1517 1886 προυφαίνετ’
1555 1837 1724 1875 ἰδέσθαι.

128 1909 148 1955 ζ
189 1908 288 1947 280.
350 1906 376 1944 ἦ
407 1918 466 1944 τισ
499 1906 536 1944 οῖ
567 1905 791 1955 εὐξαμένκι.
1035 1909 1054 1943 λ
1100 1906 1197 1944 29Ῐ.
1261 1901 1372 1942 πάντ’
1410 1905 1582 1943 εἰπόντα.

127 1991 152 2026 η
189 1976 286 2014 110.
348 1973 565 2023 ἑπετήσιοσ.
1104 1974 1204 2012 522.
1267 1972 1477 2011 κάλλιστον
1509 1972 1610 2010 ἴδον.

128 2056 141 2079 ι
219 2042 288 2080 65.
350 2039 435 2091 τρὶσ
466 2039 644 2079 ἕκαστον.
1105 2041 1204 2079 550.
1268 2036 1308 2077 δ’
1344 2036 1434 2091 ἔργ’.

192 2109 288 2148 127.
349 2108 514 2147 τελέοιεν
536 2107 690 2147 ἕκαστα.
1033 2122 1053 2145 ν
1132 2108 1202 2146 80.
1266 2108 1454 2158 νήγρετοσ
1486 2107 1662 2145 afflatos.

247 2177 305 2215 At
350 2186 557 2216 versuum
607 2187 770 2224 eorum,
805 2186 912 2224 quos
945 2175 1101 2223 corrigi
1135 2176 1265 2214 iussit
1297 2176 1414 2224 Fick,
1448 2175 1676 2214 simillima
1707 2178 1811 2214 sunt
1843 2175 1952 2214 vitia

130 2245 259 2291 atque
305 2253 455 2283 eorum
503 2254 610 2291 quos
656 2244 828 2282 abiecit.
877 2242 962 2281 Cur
1007 2244 1233 2281 mutatum
1282 2245 1350 2281 est
1391 2241 1486 2291 εἰπέ,
1525 2252 1610 2280 non
1642 2245 1746 2280 sunt
1776 2245 1950 2281 mutata

131 2308 359 2360 ἀπειπέμεν,
398 2310 508 2360 εἴπω,
538 2311 731 2350 simum?
763 2310 846 2349 Cur
878 2324 946 2359 μιν
977 2308 1111 2348 ἔπεσσι
1142 2310 1310 2349 factum
1343 2312 1410 2349 est
1438 2323 1488 2362 fs
1518 2308 1698 2362 feneam,
1728 2320 1814 2349 non
1845 2313 1951 2349 sunt

131 2378 287 2416 sanata
328 2378 479 2417 eodem
517 2378 710 2417 remedio
741 2378 873 2416 verba
903 2391 970 2426 μιν
1002 2376 1168 2415 ἴδοντοῖ
1200 2376 1284 2416 Cur
1316 2387 1392 2426 pro
1425 2376 1527 2414 δῶκε
1556 2374 1628 2425 μέν
1660 2375 1701 2414 οἱ
1727 2378 1948 2416 tentatum

130 2447 198 2484 est
239 2441 328 2483 δῶκ’
367 2443 444 2495 ἄρα
474 2460 557 2498 fot,
591 2448 738 2495 spreta
769 2455 870 2484 vero
904 2447 971 2484 est
1003 2445 1348 2484 correctiuncula
1378 2442 1472 2494 πρὶν
1503 2442 1569 2482 καὶ
1600 2440 1726 2496 (gisae
1752 2454 1827 2492 pro
1854 2445 1950 2495 πρίν

129 2525 172 2563 γε
201 2510 269 2550 τὸν
300 2507 416 2551 ἧσθ’.)
458 2512 539 2552 Cur
570 2523 646 2561 pro
680 2509 717 2550 δ’
752 2510 802 2550 ἂν
834 2512 918 2554 (vel
949 2510 1037 2562 γὰρ)
1073 2509 1174 2549 ἑκών
1206 2512 1420 2560 scriptum
1454 2513 1523 2550 est
1553 2525 1595 2549 κε
1626 2510 1775 2563 ρὲκων,
1804 2522 1947 2550 recen-

130 2579 254 2618 tioris
286 2569 388 2619 vero
420 2581 574 2629 poetae
605 2580 815 2618 indicium
843 2581 910 2618 est
936 2579 1135 2617 habitum
1163 2577 1286 2616 αὐτὸσ
1312 2577 1427 2627 ἑκών,
1454 2578 1525 2617 ubi
1550 2579 1594 2617 in
1622 2581 1827 2627 promptu
1857 2581 1950 2617 erat

133 2646 382 2685 coniectura
425 2645 547 2685 αὐτὸσ
585 2644 692 2698 ἐγώὶ)
718 2646 801 2686 Gur
833 2657 908 2695 pro
936 2645 1104 2684 ὤπασαν
1137 2641 1266 2684 οἴκαδ’
1303 2646 1469 2685 editum
1502 2648 1569 2684 est
1601 2645 1736 2683 δῶκαν
1766 2641 1952 2698 ,μοίκαδᾈ

131 2723 239 2761 quae
284 2723 386 2752 vero
432 2714 572 2754 multo
617 2714 756 2753 lenior
801 2716 869 2752 est
920 2714 1128 2752 correctio
1175 2710 1357 2752 ἅνυσσαν
1409 2708 1572 2765 folnad'
1616 2723 1693 2762 pro
1733 2710 1950 2751 ἀπήνυσαν

131 2776 261 2819 οἴκαδ’
288 2790 343 2819 ne
369 2783 541 2820 tentata
571 2782 746 2830 quidem
779 2783 846 2820 est
858 2778 906 2820 d?
939 2780 1024 2820 Cur
1056 2781 1188 2820 verba
1219 2782 1391 2821 sincera
1418 2780 1445 2819 ἅ
1470 2792 1530 2818 τισ
1557 2779 1598 2818 οἱ
1621 2778 1835 2829 εὐξαμένκι
1862 2790 1949 2819 non

132 2849 237 2886 sunt
261 2848 424 2897 scripta
449 2846 476 2886 ἦ
502 2847 560 2886 τίσ
585 2845 695 2900 μ’(οι)
722 2847 963 2897 εὐξαμένκιῖ)
992 2848 1098 2898 Quia
1113 2849 1281 2888 duabus
1298 2849 1519 2888 mensuris
1538 2848 1741 2887 utebatur
1758 2848 1948 2897 criticus,

132 2914 290 2963 studio,
334 2917 382 2953 ut
411 2913 474 2964 fit,
507 2915 726 2964 abreptus.
757 2916 884 2954 Patet
915 2918 1065 2955 autem
1101 2916 1352 2965 „Aeolicam
1385 2917 1579 2955 litteram
1612 2915 1723 2953 nihil
1755 2914 1950 2953 conferre

265 3071 285 3091 a
308 3061 429 3099 odyss.
453 3062 517 3092 302
541 3070 592 3099 sq.
749 3061 765 3090 b
789 3060 878 3091 Ibid.
903 3062 966 3091 306
991 3070 1066 3099 sqq.

135 3112 308 3143 sufficeret
332 3115 435 3144 etiam
458 3114 568 3143 lenior
592 3114 757 3143 eorrectio
780 3114 853 3154 πρὶν
878 3113 930 3142 τὸν
955 3110 1073 3154 (ἑῃῆα.

1212 3071 1228 3091 ε
1250 3060 1324 3092 Nisi
1346 3062 1531 3091 molestum
1556 3062 1648 3090 esset
1671 3068 1861 3099 pronomen
1887 3062 1951 3095 τόν,

1208 3113 1231 3143 d
1252 3114 1302 3144 De
1326 3117 1437 3143 metro
1461 3122 1567 3152 supra
1591 3122 1670 3152 pag.
1696 3113 1780 3154 9‘If.
