2234 3443
977 173 1239 202 PRAEFA'MO.
1965 166 2020 202 23

191 287 342 327 autem
387 288 644 326 memoriter
690 286 898 326 tenebant
943 296 1054 334 quae
1099 286 1198 326 inde
1246 297 1271 325 a
1314 287 1459 335 prima
1504 287 1690 335 pueritia
1730 288 1868 326 oculis
1910 289 2020 327 auri-

191 355 358 403 busque
407 376 460 382 —
513 355 582 393 his
628 354 889 403 praesertim
933 372 988 380 —-
1019 353 1381 393 combibissenta.
1416 353 1688 403 Quapropter
1718 355 1825 393 nihil
1854 355 2021 394 insoliti

190 422 362 471 quodve
393 422 540 461 minus
569 421 772 460 credibile
803 422 923 460 esset
952 421 1177 470 professus
1203 422 1272 460 est
1296 421 1527 460 Niceratus
1552 420 1626 459 ille
1652 421 1825 460 iuvenis
1852 423 2018 461 modes-

189 491 276 538 tus,
320 490 393 537 qui
434 499 582 528 coram
620 488 774 527 amicis
816 488 880 527 sic
912 490 981 527 est
1006 488 1202 527 locutus:
1244 485 1292 537 „6
1324 487 1453 538 πατήρ
1485 502 1563 537 μου
1595 486 1878 538 ἐπιμελόμενοσ
1910 488 2020 527 {inmo

187 555 291 607 ἀνὴρ
322 554 484 607 ἀγαθὸσ
514 554 708 607 γενοίμην
740 553 943 606 ἠνάγκασέ
973 569 1020 604 με
1051 555 1182 593 πάντα
1214 554 1260 593 τὰ
1284 551 1462 605 Ὁμήρου
1495 558 1658 604 μαθεῖν·
1684 554 1750 593 καὶ
1780 561 1854 593 νῦν
1881 555 2018 593 δυναί-

189 639 269 675 μην
300 621 350 662 ἂν
375 620 525 662 Ἰλιάδα
553 622 650 672 ὃλην
679 621 747 660 καὶ
776 619 1014 662 Ὀδύσσειαν
1045 621 1125 661 ἀπὸ
1157 622 1353 672 στόματοσ
1385 619 1582 662 εἰπεῖν”ὄ.
1615 623 1738 662 Talia
1768 623 2018 671 loquentem

189 701 274 731 non
307 691 563 730 induxisset
594 690 854 740 Xenophon,
888 691 927 729 si
958 691 1162 739 perpauci
1194 691 1309 729 inter
1342 690 1545 738 aequales
1576 692 1751 729 tantum
1777 691 2023 738 viguissent

189 759 445 798 memoriae.
478 758 532 797 Et
563 757 714 797 Olbiae
746 758 866 797 cives
898 758 942 796 in
975 758 1146 797 colonia
1178 758 1446 797 Milesiorum
1462 759 1576 797 inter
1593 760 1769 806 gentem
1786 758 2017 797 barbaram

187 826 410 876 degentes,
443 826 564 875 ipsos
593 825 933 874 semibarbaros,
967 825 1108 874 primo
1141 827 1239 872 post
1265 825 1363 865 Chr.
1393 836 1434 864 n.
1460 825 1635 864 saeculo
1660 827 1850 864 exeunte
1866 835 2021 865 omnes

187 894 276 933 fere
322 894 505 933 Iliadem
554 894 815 933 memoriter
860 893 1057 932 tenuisse
1098 892 1292 939 affirmat
1331 893 1410 932 Dio
1441 889 1705 932 Prusaeusd.
1738 893 1875 932 Deme
1906 893 2020 940 quod

188 962 354 1001 oratori
386 962 610 1010 regionem
642 960 947 1013 longinquam,
980 960 1053 999 ubi
1085 960 1363 1009 hospitaliter
1395 963 1606 1009 exceptus
1638 963 1718 1009 est,
1751 960 1949 1000 laudanti
1981 964 2025 999 et

187 1038 279 1068 rem
314 1029 358 1067 in
391 1017 536 1068 maius
567 1028 743 1067 ornanti
774 1028 920 1067 deberi
952 1027 1044 1067 veri
1077 1029 1145 1066 est
1175 1027 1343 1067 simile:
1372 1030 1511 1067 restat
1539 1029 1688 1066 tamen
1715 1028 2018 1067 testimonium

186 1097 439 1135 memoratu
502 1095 828 1144 dignissimum.
877 1095 987 1133 Nam
1035 1095 1121 1134 nisi
1168 1095 1377 1149 cultiores
1424 1097 1541 1134 certe
1590 1095 1742 1134 Graeci
1787 1095 1862 1133 illo
1913 1106 2021 1135 aevo

185 1163 428 1203 Homerum
476 1165 527 1202 ut
567 1163 728 1212 digitos
769 1172 874 1202 suos
912 1163 1136 1211 cognitum
1171 1163 1443 1210 habuissent,
1477 1163 1529 1201 de
1562 1163 1825 1211 Scytharum
1858 1163 2019 1202 accolis

184 1231 402 1270 eiusmodi
432 1231 534 1278 quid
559 1231 788 1279 perhibere
819 1230 899 1269 Dio
931 1240 985 1269 ne
1016 1240 1151 1269 ausus
1182 1230 1360 1279 quidem
1394 1232 1526 1269 esset.

304 1297 420 1347 Quae
467 1300 615 1337 autem
664 1298 818 1346 cuivis,
867 1298 940 1345 qui
985 1298 1161 1345 quidem
1204 1298 1334 1346 paulo
1374 1297 1601 1336 liberalius
1643 1297 1854 1336 educatus
1885 1299 2017 1347 esset,

183 1365 418 1405 notissima
458 1367 583 1405 erant
626 1365 836 1414 carmina,
870 1375 1000 1414 saepe
1031 1365 1325 1404 laudabantur
1356 1366 1399 1404 in
1432 1365 1713 1404 concionibus
1745 1367 1787 1405 et
1819 1367 1862 1404 in
1893 1365 2020 1405 collo-

183 1433 298 1480 quiis
329 1432 637 1481 quotidianise‚
670 1434 720 1470 ut
751 1434 908 1481 postea
938 1432 1073 1471 verba
1098 1432 1274 1481 Biblica‚
1306 1433 1373 1471 vel
1401 1434 1534 1471 etiam
1562 1433 1775 1472 imitando
1803 1433 2016 1482 exprime-

182 1499 342 1539 bantur
399 1501 441 1539 et
488 1500 629 1539 facete
676 1499 1033 1540 traducebantur.
1080 1498 1357 1539 Urbanitatis
1404 1501 1485 1539 hoc
1530 1503 1646 1548 erat;
1693 1504 1787 1540 erat
1833 1500 2020 1539 παιδείασ

182 1564 368 1618 μέγιστον
414 1565 535 1616 μέροσ
580 1565 670 1618 περὶ
700 1565 807 1604 ἐπῶν
840 1566 974 1605 δεινὸν
1005 1561 1106 1605 εἶναι
1121 1565 1149 1616 f,
1185 1569 1230 1606 et
1261 1567 1453 1606 multum
1489 1569 1541 1606 ad
1581 1568 1809 1607 hominum
1844 1568 2020 1607 animos

183 1635 478 1684 deleniendos,
507 1635 864 1684 commovendos,
898 1635 1216 1683 pertrahendos
1248 1635 1424 1674 valebat
1450 1645 1606 1674 versus
1631 1635 1894 1674 Homericus
1920 1638 2020 1684 apte

185 1702 405 1742 laudatus.
461 1702 554 1751 Qua
600 1702 644 1740 in
691 1703 786 1741 arte
834 1712 964 1741 nemo
1013 1702 1185 1742 felicius
1228 1713 1274 1742 se
1314 1703 1512 1742 exercuit
1539 1712 1667 1751 quam
1702 1703 2019 1751 Aristophanes

182 1771 391 1819 comicus,
424 1770 609 1809 feliciter
640 1769 774 1809 etiam
810 1770 933 1808 Plato
965 1770 1296 1819 philosophusy.

303 1837 393 1886 Quo
425 1838 622 1876 sanctius
649 1839 798 1876 autem
831 1837 1086 1876 colebantur
1117 1839 1264 1886 prisca
1295 1839 1502 1887 carmina,
1532 1849 1581 1877 eo
1606 1839 1750 1886 magis
1777 1838 2021 1886 impietatis

180 1907 250 1944 est
278 1905 424 1944 visum
457 1905 739 1944 addubitasse
762 1915 874 1953 quae
902 1905 1124 1944 Musarum
1152 1906 1358 1944 alumnus
1386 1906 1565 1944 numine
1594 1906 1774 1944 afflante
1800 1906 2020 1944 docuisset

179 1972 381 2011 homines
406 1973 583 2020 ignaros
596 1969 627 2021 ᾗ,
658 1974 703 2011 et
732 1982 886 2012 versus
908 1983 963 2011 ex
982 1973 1163 2012 Homeri
1182 1973 1453 2012 carminibus
1470 1973 1751 2021 depromptos
1769 1973 2020 2021 argumenti

269 2128 288 2147 a
312 2116 424 2147 Etiam
461 2117 702 2156 compluribus
737 2118 886 2147 saeculis
921 2120 1000 2156 post
1034 2119 1067 2147 in
1102 2127 1288 2157 puerorum
1323 2119 1530 2149 educatione
1560 2117 1699 2149 initium
1724 2119 1828 2148 fiebat
1852 2128 1870 2148 a
1896 2119 2019 2156 priscis

181 2170 304 2209 poetis,
328 2168 393 2200 Dio
417 2168 516 2200 Prus.
539 2170 586 2200 XI
613 2171 689 2200 308.
715 2168 819 2200 Cuius
844 2169 951 2200 moris
975 2171 1159 2208 vestigium
1181 2173 1322 2200 servant
1343 2171 1484 2201 tabulae
1512 2175 1649 2201 ceratae
1669 2170 1848 2209 Palmyrae
1862 2171 1931 2200 1110
1945 2172 2017 2200 fere

181 2224 261 2262 post
284 2220 364 2253 Chr.
388 2223 529 2252 saeculo
552 2223 779 2261 conscriptae,
805 2232 890 2260 quas
915 2222 1150 2253 bibliothecae
1173 2224 1336 2253 Leidensi
1362 2224 1452 2254 dono
1477 2223 1573 2253 dedit
1597 2225 1648 2254 vir
1661 2225 1806 2254 eximius
1819 2224 2019 2254 Assendelst

182 2275 225 2305 de
259 2274 428 2313 Coningh.
463 2275 549 2305 Nam
585 2274 620 2305 in
657 2276 712 2305 his
748 2276 978 2314 pugillaribus
1014 2279 1152 2314 praeter
1186 2275 1255 2306 alia
1289 2286 1473 2315 puerorum
1507 2277 1699 2307 tentamina
1724 2277 1853 2314 legitur
1876 2276 2018 2307 Hesiodi

179 2337 302 2358 versus
332 2328 434 2367 Oper.
458 2329 522 2358 347
548 2337 565 2357 a
591 2329 758 2365 magistro
782 2328 890 2358 nitide
916 2329 1121 2366 magnisque
1145 2329 1272 2358 litteris
1296 2332 1457 2359 exaratus
1481 2331 1516 2359 et
1538 2339 1556 2359 a
1582 2330 1754 2368 discipulo
1777 2330 1857 2359 stilo
1881 2330 2018 2359 rudiore

179 2380 360 2418 repetitae.
496 2379 513 2410 b
537 2380 621 2410 Xen.
646 2379 748 2410 Conv.
776 2382 792 2410 3
819 2381 837 2417 ξ
863 2382 893 2410 5.
1029 2391 1045 2410 c
1068 2381 1273 2419 Rhapsodos
1297 2390 1417 2411 omnes
1442 2382 1533 2412 idem
1557 2383 1719 2412 calluisse
1733 2381 1782 2411 ait
1795 2383 2016 2412 Antisthenes

181 2433 203 2462 l.
228 2433 250 2462 l.
277 2433 367 2471 apud
391 2433 656 2471 Xenophontem
683 2435 716 2463 et
742 2442 803 2471 per
828 2442 864 2463 se
886 2432 1115 2469 intellegitur.
1251 2433 1274 2463 d
1297 2434 1434 2464 XXXVI
1460 2436 1518 2464 78:
1544 2436 1639 2465 τᾶλλα
1663 2436 1763 2466 οὐκέτι
1779 2442 1889 2475 σαφᾶισ
1903 2438 2016 2474 ἑλληνί-

181 2487 287 2521 ζοντεσ
323 2486 373 2515 διὰ
394 2486 428 2515 τὸ
456 2488 487 2515 ἐν
508 2485 621 2522 μέσοισ
647 2487 739 2515 οἰκεῖν
762 2492 829 2515 τοῖσ
852 2488 1040 2526 βαρβάροιο,
1066 2487 1152 2522 ὅμωσ
1177 2489 1230 2524 τήν
1254 2499 1286 2524 γε
1311 2487 1429 2517 Ἰλιάδα
1454 2490 1558 2524 ὀλίγου
1581 2490 1698 2518 πάντεσ
1729 2490 1834 2518 ἴσασιν
1858 2489 1920 2517 ἀπὸ
1946 2491 2015 2518 στό-

185 2549 300 2576 ματοσ.
317 2538 442 2578 Qui-de
462 2538 615 2575 Odyssea
636 2546 702 2567 non
723 2541 776 2568 est
798 2538 955 2574 locutus;
982 2542 1016 2568 et
1039 2540 1180 2568 omnino
1204 2539 1287 2569 Ilias
1311 2541 1451 2570 maioris
1476 2542 1645 2570 momenti
1670 2550 1773 2578 quam
1793 2541 1946 2579 Odyssea
1966 2543 2018 2570 est

184 2591 268 2621 visa.
294 2591 349 2621 Sic
374 2592 533 2621 Socrates
559 2589 682 2631 [Plau]
708 2591 812 2629 Hipp.
828 2590 921 2620 ,Min.
947 2592 1010 2621 363
1026 2590 1061 2621 b:
1090 2593 1104 2628 ἡ
1125 2591 1228 2621 ’Illirico
1253 2594 1376 2622 κάλλιον
1400 2596 1518 2631 ποίημα
1543 2599 1597 2623 τῶι
1617 2593 1747 2634 Ὀμήρωι
1774 2594 1788 2632 ἢ
1814 2596 1828 2632 ἡ
1846 2594 2015 2628 Ὀδύσσειαν,

181 2646 333 2676 τοσούτωι
367 2645 400 2674 δὲ
436 2646 558 2674 κάλλιον
593 2644 667 2673 aaa„
701 2645 834 2680 ἀμείνων
866 2645 1028 2683 Ἀχιλλεὺσ
1047 2644 1231 2675 Ὀδυσσέωσ.
1366 2655 1382 2675 e
1404 2646 1571 2684 Exemplo
1596 2647 1641 2675 sit
1665 2647 1850 2676 Stratonici
1875 2654 2015 2675 scurrae

183 2691 326 2733 dietum,
361 2697 420 2734 qui
456 2705 535 2726 cum
565 2695 738 2726 medicum
764 2705 841 2726 cum
867 2697 1075 2726 veterinario
1100 2697 1233 2727 videret
1257 2698 1525 2735 colloquentem,
1548 2699 1682 2734 „nunc”
1710 2699 1758 2728 ait
1783 2698 1892 2733 „alter
1916 2698 2016 2727 alteri

182 2748 282 2778 dicit:
315 2750 391 2778 ἀλλὰ
423 2751 462 2778 σύ
492 2749 516 2786 γ’
551 2748 671 2789 ἄνδρασ
695 2751 803 2790 ἔναιρε,
824 2753 1012 2787 μελήσουσιν
1036 2750 1066 2779 δ’
1096 2752 1161 2785 ἐμοὶ
1184 2751 1297 2780 ἵπποι”
1322 2749 1368 2791 (K
1393 2753 1483 2788 481),
1507 2752 1722 2789 gnomologii
1746 2751 1798 2780 ed.
1823 2750 2016 2781 Sternbach

182 2801 289 2831 Wien.
313 2801 412 2831 Stud.
442 2802 527 2831 1889
551 2798 598 2830 n0.
623 2802 698 2831 524.
837 2802 869 2842 f
887 2803 1093 2840 Protagoras
1117 2803 1204 2833 Plat.
1230 2802 1322 2833 Prot.
1346 2805 1453 2836 33912.
1598 2814 1619 2843 y
1644 2804 1752 2833 Multa
1778 2803 1881 2832 huius
1908 2800 2016 2832 studii

184 2853 392 2883 documenta
423 2853 569 2892 praebet
592 2855 764 2892 Diogenes
788 2855 959 2890 Laertius,
984 2856 1093 2886 multa
1119 2856 1325 2894 Anthologia
1351 2858 1492 2893 Graeca,
1516 2858 1721 2895 praesertim
1745 2855 1780 2886 in
1805 2857 2015 2887 earminubus

182 2905 356 2936 Palladiae.
382 2905 450 2935 Alii
472 2915 490 2936 e
513 2908 695 2937 versiculis
719 2906 913 2937 Homericis
934 2909 1149 2938 consuebant
1166 2912 1343 2946 centones,
1363 2919 1414 2939 ex.
1435 2919 1485 2947 gr.
1508 2910 1646 2939 Anthol.
1667 2910 1790 2939 Iacobs
1809 2910 1853 2939 IV
1868 2911 1921 2947 99,
1942 2911 2014 2939 116.

315 2957 335 2987 h
359 2959 534 2989 Herodoto
568 2960 741 2990 Hesiodus
775 2963 879 2998 atque
914 2961 1097 2998 Homerus,
1134 2971 1221 3000 quos
1244 2963 1408 2999 aequales
1432 2963 1540 2992 fuisse
1565 2963 1623 2992 ilie
1647 2962 1892 2998 arbitrabatur,
1917 2965 2016 2991 erant

184 3012 212 3040 ol
241 3013 431 3048 ποιήσαντεσ
463 3015 629 3050 θεογονίην
646 3013 772 3051 ’Ἕλλησι
807 3014 857 3043 καὶ
892 3019 972 3049 τοῖσι
1008 3018 1112 3044 θεοῖσι
1149 3016 1207 3044 τὰσ
1238 3017 1418 3051 ἐπωνυμίασ
1442 3015 1552 3044 δόντεσ
1575 3016 1625 3044 καὶ
1649 3017 1741 3053 τιμάσ
1768 3026 1799 3044 τε
1823 3016 1872 3044 καὶ
1898 3015 2014 3052 τέχνασ

182 3063 337 3093 daei-dnm
362 3065 413 3093 καὶ
439 3065 520 3094 εἴδεα
543 3067 645 3095 αὐτῶν
669 3069 871 3104 σημήναντεσ,
895 3066 930 3096 11
956 3068 1008 3104 53,
1031 3084 1074 3089 —
1095 3068 1200 3097 verba
1224 3069 1414 3104 verissima,
1439 3067 1468 3097 si
1494 3067 1542 3097 ita
1561 3068 1834 3106 interpretamur
1846 3069 2016 3107 utposterz

183 3115 345 3146 dicantur
369 3125 409 3146 ex
434 3115 587 3147 Homero
613 3118 834 3156 Hesiodoque
857 3118 1009 3149 didicisse
1036 3129 1126 3158 quae
1151 3120 1193 3150 de
1219 3120 1322 3150 rebus
1345 3120 1469 3150 divinis
1495 3119 1578 3150 sciri
1604 3123 1758 3159 possent.
