2234 3443
221 178 276 215 38
998 186 1256 216 PRAEFA'rm.

219 300 291 347 qui
323 299 520 338 carmina
547 300 672 348 epica
698 300 956 339 memoriter
984 302 1237 349 tenerenta;
1266 310 1395 348 saepe
1425 299 1733 348 disputabatur
1754 296 1844 349 περὶ
1865 297 2045 347 ἀποριῶν

216 380 336 404 τινων
360 362 598 415 Ὁμηρικῶν,
628 367 670 404 et
697 366 798 405 inde
826 377 850 405 a
882 367 1183 415 sophistarum
1217 377 1325 406 aevo
1359 366 1490 405 multi
1515 366 1579 405 sic
1605 365 1835 414 gloriolam
1853 366 2045 413 aliquam

218 429 491 481 captaruntb.
542 432 721 482 Satyrus
763 434 941 481 quidam
984 434 1230 473 Aristarchi
1270 434 1467 482 aequalis
1498 444 1575 482 per
1606 434 1750 472 iocum
1785 430 1805 471 ὅ
1839 435 1946 483 Ζῆτα
1977 436 2046 473 est

214 502 493 548 nuncupatus
524 503 699 548 propter
731 500 990 549 sollertiam,
1024 511 1110 549 qua
1142 501 1395 540 huiusmodi
1427 500 1610 550 ζητήσεισ
1634 500 1904 549 proponebat
1929 500 2047 540 λύσιν

213 576 299 606 non
341 567 467 606 facile
509 568 812 607 admittentes.
854 568 1021 607 Romae
1056 571 1209 618 postea
1249 571 1425 618 propter
1467 569 1756 608 eruditionem
1798 571 1841 607 et
1883 569 2047 616 ingenii

210 633 492 673 velocitatem
536 635 578 673 in
621 635 951 682 quaestionibus
993 636 1219 675 solvendis
1252 636 1459 675 inclaruit
1491 634 1691 675 Valerius
1724 635 1844 686 Cato,
1878 636 2048 675 derisus

214 702 364 741 tamen
393 712 417 740 a
443 701 496 740 M.
530 702 658 741 Furio
691 702 912 752 Bibaculo,
946 713 1046 742 cum
1079 703 1293 742 bellorum
1325 703 1523 742 civilium
1552 703 1778 742 aerumnis
1810 712 2046 752 oppressus

216 768 427 808 solvendo
459 779 544 808 non
577 772 715 809 esset:
1110 779 1112 781 ’

633 838 777 877 Mirati
807 848 977 887 sumus,
1013 839 1192 877 unicum
1225 839 1506 888 magistrum,

631 915 858 944 summum
892 906 1252 964 grammaticum,
1286 906 1502 955 optimum
1533 908 1724 955 poetam,

633 982 790 1012 omnes
822 973 994 1012 solvere
1026 984 1155 1023 posse
1188 975 1485 1023 quaestiones,

635 1050 771 1079 unum
804 1041 977 1080 difficile
1010 1041 1216 1089 expedire
1247 1052 1422 1080 nomen.

631 1106 694 1145 En
728 1117 801 1146 cor
832 1108 1059 1156 Zenodoti,
1093 1118 1145 1146 en
1178 1108 1298 1146 iecur
1330 1107 1573 1147 Cratetis!c

336 1173 515 1213 Infinita
557 1176 707 1213 autem
750 1176 1060 1223 quaestionum
1103 1175 1441 1214 Homericarum
1476 1176 1601 1224 copia
1631 1175 1712 1214 hoc
1743 1174 1976 1223 agentibus
2005 1173 2050 1212 in

216 1243 420 1290 promptu
447 1244 555 1281 erat.
583 1242 730 1281 Prima
757 1243 911 1281 statim
939 1243 1090 1282 Iliadis
1109 1253 1195 1281 vox
1222 1244 1499 1282 occasionem
1527 1242 1782 1291 disputandi
1801 1241 2049 1291 praebebat.

216 1308 327 1347 Nam
369 1309 606 1357 rogabatur
650 1320 752 1358 „cur
794 1320 963 1361 arvoce
1005 1310 1121 1349 male
1163 1311 1361 1349 ominata
1400 1311 1529 1359 poeta
1569 1309 1747 1349 initium
1789 1306 2047 1349 fecisset”d.

218 1375 358 1424 Quam
400 1377 704 1424 quaestionem
747 1377 942 1426 ineptam
986 1378 1134 1426 inepte
1172 1377 1350 1416 solvens
1382 1378 1488 1426 Apio
1520 1376 1832 1425 respondebat:
1869 1377 2050 1426 „primis

202 1444 410 1482 nominis
451 1448 574 1494 μῆνισ
614 1444 775 1483 litteris
813 1444 1052 1493 significari
1084 1446 1422 1495 rhapsodiarum
1455 1455 1692 1484 numerum
1725 1443 1791 1494 μη’
1824 1446 1919 1484 sive
1950 1455 2050 1493 qua-

219 1511 420 1560 drayima
474 1513 629 1551 octo”e.
687 1512 937 1551 Secundum
988 1513 1170 1552 verbum
1218 1513 1498 1561 vituperabat
1552 1512 1820 1561 Protayoras‚
1877 1512 2049 1551 Musam

204 1579 337 1618 enim
385 1578 511 1618 deam
558 1589 644 1618 non
690 1580 803 1618 satis
852 1580 1098 1619 verecunde
1144 1580 1400 1628 compellari
1446 1580 1576 1618 modo
1623 1577 1930 1628 imperativof.
1979 1580 2048 1619 Sic

217 1646 424 1696 παροίνων
451 1646 682 1696 ζητημάτων
707 1646 900 1696 plurima
927 1647 1188 1696 suppetebat
1214 1647 1446 1695 materies;
1474 1657 1584 1696 quae
1611 1647 1759 1686 studia
1785 1648 1857 1695 qui
1885 1647 2050 1696 optimo

217 1714 310 1753 iure
342 1714 506 1762 carpsit
539 1714 845 1767 Aristotelew,
875 1716 917 1754 et
944 1715 1038 1764 ipse
1066 1715 1388 1763 quodammodo
1414 1715 1469 1754 iis
1500 1714 1698 1764 indulsit,
1726 1715 1901 1764 scripsit
1929 1715 2046 1754 enim

218 1780 377 1819 librum
403 1777 631 1832 Ὁμηρικῶν
662 1779 934 1832 ἀπορημάτων
965 1784 1059 1822 Sive
1090 1783 1386 1834 προβλημάτων
1400 1779 1433 1823 72.

335 1847 413 1887 Vel
449 1849 502 1888 ad
544 1860 698 1898 regum
735 1860 868 1890 cenas
908 1852 990 1890 hae
1023 1850 1434 1899 ludimagistrorum
1466 1851 1645 1890 deliciae
1677 1852 1781 1890 sunt
1813 1850 2047 1889 admissae.

217 1915 450 1965 GomanUS,
498 1917 743 1957 Ptolemaei
790 1918 1064 1968 Philadelphi
1109 1917 1399 1970 ἀρχιοινοχόοσ,
1437 1918 1641 1967 rogabat:
1679 1924 1793 1968 „mbo
1824 1916 1977 1967 ἔμεινεν
2009 1916 2051 1956 ἐν

220 1988 315 2031 ,τῶι
356 1983 483 2021 πίθωι
519 1981 543 2034 ἡ
576 1982 706 2032 {inim
740 1984 820 2024 ἔστι
850 1984 925 2036 γὰρ
958 1992 1073 2025 τοῦτο
1106 1985 1149 2025 ἓν
1181 1984 1474 2037 ἀνθρώποισ”;
1509 1987 1578 2026 oui
1611 1986 1883 2026 Aristarchus
1913 1986 2050 2025 fertur

305 2133 324 2152 a
348 2123 408 2152 Ex.
433 2132 483 2161 gr.
508 2133 526 2153 a
551 2123 700 2162 singulis
723 2125 876 2154 convivis
900 2125 1110 2163 poscebatur
1134 2133 1255 2155 versus
1279 2123 1400 2164 epicus
1424 2125 1466 2155 ab
1492 2126 1612 2155 eadem
1632 2124 1750 2155 littera
1762 2123 1934 2163 incipiens
1947 2126 2051 2162 atque

216 2175 392 2211 desinens,
416 2176 493 2205 Ath.
518 2177 593 2206 458.
614 2175 770 2207 Iulianus
790 2178 954 2215 princeps
975 2177 1017 2207 de
1038 2178 1212 2216 Penelope
1233 2178 1298 2208 hoc
1319 2179 1501 2217 proposuit
1521 2179 1698 2216 aenigma:
1722 2176 1753 2211 ἓξ
1773 2178 1866 2207 ποσὶν
1879 2179 2050 2217 ἐμβεβαυῖα

217 2228 421 2268 τριδάκτυλοσ
435 2227 623 2268 ἐξεφαάνθη,
637 2230 753 2268 inepte
769 2231 819 2259 sic
832 2230 1034 2266 significans
1046 2229 1226 2271 Penelopen
1238 2229 1452 2271 Icariifiliam
1461 2230 1650 2271 prudentem
1666 2232 2048 2273 (L-niwnwss-Luu-'nj

217 2298 237 2315 α
251 2287 327 2321 329,
347 2286 451 2324 Greg.
473 2285 548 2317 Cor.
569 2288 634 2318 407
656 2288 759 2325 Sch.).
780 2288 974 2318 observatu
994 2291 1258 2327 memoratuque
1280 2289 1422 2327 dignum
1443 2291 1496 2319 est
1516 2288 1629 2320 visum
1642 2291 1677 2319 in
1690 2291 1891 2320 verqu59
1906 2290 2050 2319 cunctas

215 2337 384 2368 orationis
411 2342 527 2378 partes
560 2350 634 2370 esse
665 2344 866 2379 usurpatas,
899 2350 1037 2371 versum
1066 2345 1098 2371 H
1119 2343 1183 2372 364
1211 2352 1328 2372 carere
1353 2351 1437 2373 sono
1462 2354 1491 2379 σ,
1516 2351 1655 2373 versum
1683 2345 1714 2372 Γ
1736 2344 1797 2372 182
1823 2351 1888 2381 per
1911 2342 2048 2379 singula

216 2391 384 2420 voeabula
419 2391 567 2430 singulis
602 2394 745 2431 syllabis
768 2394 974 2430 increscere,
998 2403 1135 2424 versum
1162 2397 1198 2424 X
1221 2396 1283 2424 133
1308 2395 1493 2425 verborum
1518 2396 1791 2433 transpositione
1813 2396 1848 2424 in
1870 2394 2052 2424 sotadeum

215 2443 321 2481 (σείων
354 2447 459 2482 μελίην
495 2447 639 2483 Πηλιάδα
674 2445 773 2480 δεξιὸν
810 2447 874 2476 κατ’
915 2445 1013 2486 ὦμον)
1048 2456 1151 2485 posse
1183 2449 1321 2483 mutari,
1352 2446 1551 2478 trimetrum
1583 2447 1769 2478 iambicum
1802 2448 1924 2479 haberi
1947 2456 2049 2486 posse

214 2505 351 2526 versum
387 2500 421 2527 Ψ
451 2499 513 2527 641
539 2501 633 2539 ἔργων
660 2502 816 2529 τοιούτων·
841 2501 893 2536 ἐμὲ
919 2500 952 2530 δὲ
974 2501 1036 2540 χρὴ
1060 2504 1153 2542 γήραϊ
1175 2505 1295 2541 λυγρῶι.
1318 2501 1432 2531 Etiam
1456 2501 1617 2531 Versibus
1641 2503 1819 2540 ἶσοψήφοισ
1843 2500 2049 2538 indagandis

216 2548 312 2578 fuere
351 2550 409 2586 qui
447 2550 601 2581 studium
637 2552 880 2590 impenderent
914 2561 1091 2590 vesanum,
1127 2562 1176 2583 ex.
1211 2562 1262 2591 gr.
1287 2554 1422 2583 litteras
1448 2563 1570 2584 versus
1605 2555 1718 2584 T306
1739 2553 1884 2583 eandem
1911 2553 2050 2583 efficere

215 2609 386 2632 summam
419 2604 523 2640 atque
555 2605 732 2640 sequentis
763 2605 898 2643 (2848),
926 2606 1010 2635 item
1040 2605 1176 2636 litteras
1205 2614 1326 2636 versus
1357 2609 1391 2636 H
1420 2606 1484 2636 264
1511 2609 1616 2644 atque
1640 2607 1818 2644 sequentis
1842 2603 1970 2646 (3498).
1994 2605 2048 2635 Sic

215 2657 335 2692 postea
359 2654 456 2686 fuere
483 2657 541 2693 qui
567 2658 798 2695 computando
827 2658 1006 2688 efficerent
1030 2661 1116 2696 quot
1138 2659 1273 2689 litteras
1297 2659 1444 2689 haberet
1466 2660 1590 2689 Biblia.
1757 2658 1773 2688 b
1796 2659 1906 2689 Lehrs
1929 2654 2048 2688 Arist.'·'

217 2708 278 2736 199
315 2716 392 2746 sqq.
571 2719 587 2740 c
618 2711 712 2740 Suet.
744 2711 786 2740 de
813 2712 861 2740 ill.
887 2720 1031 2749 gramm.
1057 2713 1108 2742 11.
1299 2711 1322 2741 d
1346 2710 1464 2742 Simile
1497 2713 1623 2742 mentis
1645 2713 1958 2750 temperamentum
1984 2710 2049 2740 fuit

214 2759 382 2796 Dionysio
407 2762 718 2800 Halicarnassensi,
745 2772 823 2793 cum
848 2763 1088 2802 Thucydidem
1111 2765 1321 2803 vituperavit
1345 2767 1531 2804 propterea
1552 2765 1644 2803 quod
1667 2765 1799 2795 bellum
1822 2762 2047 2793 lamentabile

215 2811 281 2841 sibi
316 2813 482 2851 elegisset
517 2816 632 2854 operis
669 2819 914 2854 argumentum
952 2819 986 2846 et
1020 2826 1038 2846 a
1072 2817 1232 2847 tristibus
1267 2819 1384 2848 statim
1416 2818 1520 2848 rebus
1552 2820 1646 2848 esset
1681 2825 1837 2852 exorsuS,
1867 2816 1976 2854 Epist.
2005 2815 2048 2844 ad

216 2864 419 2903 Pompeium
454 2868 642 2898 767-770.
674 2869 782 2905 Quem
815 2870 1008 2908 prudenter
1040 2870 1204 2900 refutavit
1235 2871 1481 2908 grammaticus
1511 2878 1712 2908 anonymus,
1743 2870 1803 2908 qui
1836 2869 1873 2899 10
1905 2868 1959 2898 vel
1991 2868 2046 2898 110

216 2920 295 2955 post
333 2917 410 2950 Chr.
447 2922 585 2952 saeculo
624 2922 892 2952 commentarios
932 2923 974 2952 ad
1014 2922 1255 2960 Thucydidem
1292 2922 1445 2962 scripsit,
1482 2924 1609 2960 Oxyrh.
1644 2931 1725 2961 pap.
1763 2922 1839 2952 853.
1874 2919 2048 2951 Hesiodus

214 2974 330 3000 autem
368 2970 517 3004 Homero
554 2983 571 3003 a
607 2975 782 3004 Chalcidis
818 2984 898 3013 rege
935 2974 1155 3014 antepositus
1185 2978 1219 3005 et
1249 2974 1405 3014 praemio
1436 2978 1579 3006 ornatus
1609 2983 1686 3005 esse
1710 2975 1818 3005 fertur
1840 2974 1883 3004 ob
1909 2981 2046 3004 causam

215 3025 378 3064 Similem,
401 3027 444 3054 ὡσ
461 3028 508 3055 ὀπὶ
530 3030 680 3066 γεωργίαν
700 3029 750 3057 καὶ
772 3029 891 3068 εἰρήνην
915 3030 1183 3067 προκαλούμειόσ,
1208 3029 1244 3057 οὐ
1267 3028 1426 3064 πολέμουσ
1451 3030 1501 3058 καὶ
1527 3028 1655 3067 σφαγὰσ
1678 3026 1804 3062 διεξιών,
1830 3025 1919 3057 Cert.
1946 3027 2047 3056 Hom.

216 3079 250 3107 et
274 3078 365 3113 Hes,
391 3087 468 3116 pag.
495 3080 536 3108 34
547 3089 577 3108 α.
725 3089 740 3109 e
765 3080 883 3110 Senec.
907 3081 1018 3119 Epist.
1043 3081 1084 3109 88
1110 3081 1126 3117 ξ
1152 3081 1204 3110 35.
1339 3081 1370 3121 f
1390 3081 1530 3111 Aristot.
1556 3081 1649 3110 Poet.
1677 3081 1728 3110 21.
1859 3089 1879 3119 9
1905 3077 2048 3109 Aristot.

217 3130 321 3168 Soph.
346 3130 489 3160 Elench.
516 3133 534 3160 4
560 3130 575 3170 ξ
603 3133 633 3167 8,
659 3132 754 3163 Poet.
781 3134 834 3162 26.
972 3132 989 3161 Ιῑ
1014 3133 1123 3162 Lehrs
1148 3130 1354 3163 Aristarch.²
1381 3134 1457 3163 221.
