2234 3443
147 190 172 235 ἓ
208 189 306 234 126]
735 199 790 227 DE
822 198 1064 228 N0M1N1Bus
1095 196 1384 226 vnssssamssus.
1882 185 1964 223 251

146 310 283 360 ἕμενα,
320 309 487 362 θέμενό,
528 311 690 362 δόμενσ,
729 309 912 366 ἱῘςίόζιιεναί
951 322 1088 351 sonus
1129 310 1275 350 finalis
1316 310 1410 349 sine
1452 309 1719 349 necessitate
1758 308 1967 348 abiectus.

263 377 448 419 Centum
482 390 584 419 vero
615 380 723 420 locis
748 380 966 419 terminus
991 393 1084 428 -μεν
1111 378 1274 417 aoristo
1302 378 1343 416 Π
1371 378 1437 416 est
1463 376 1776 416 restituendus.
1807 375 1969 423 Quibus

146 446 254 485 locis
280 448 431 486 textus
457 447 648 487 traditus
673 447 851 497 praebet
878 446 1006 486 nihili
1032 446 1199 485 formas
1221 443 1394 496 βαλέειν,
1409 443 1544 493 ἰδέειν,
1559 442 1739 492 θανέειν,
1756 443 1926 482 similes
1942 450 1970 481 e.

148 512 419 552 Recentioris
475 514 573 553 aevi
626 515 830 554 homines
876 514 956 552 has
1003 513 1269 552 effinxerunt
1311 522 1333 550 e
1373 511 1629 560 vulgaribus
1670 511 1821 561 βαλεῖν,
1862 509 1975 554 ἰδεῖν,

146 582 306 626 θανεῖν,
335 590 446 629 quae
477 583 620 620 metro
652 582 790 621 invito
816 581 1098 630 irrepserant,
1127 580 1298 629 decepti
1325 581 1510 618 accentu
1538 578 1833 626 circumflexo,
1862 578 1972 625 quod

147 648 462 687 contractionis
500 648 733 688 videbatur
774 658 871 688 esse
911 649 1089 697 signum
1095 659 1134 700 s.
1177 647 1334 696 Epicae
1370 646 1575 685 dictionis
1612 655 1687 684 eas
1719 654 1805 684 non
1837 645 1972 683 fuisse

148 716 282 763 patet,
314 714 463 753 nullus
497 715 614 754 enim
647 714 894 754 infinitivus
925 715 989 754 sic
1018 714 1278 764 „diductus”
1307 713 1420 762 apud
1448 714 1686 761 scriptores
1712 712 1882 750 Ionicos
1908 714 1974 750 est

146 783 359 830 repertus,
407 781 555 821 nullus
604 783 648 822 in
699 782 960 831 lapidibusff,
1008 781 1156 820 nullus
1207 781 1251 819 in
1304 781 1431 819 textu
1483 779 1645 818 tradito
1696 779 1973 826 Theogoniae

146 849 392 899 operumve
414 846 650 896 Hesiodik;
679 859 889 889 versuum
917 851 1066 888 autem
1092 848 1266 887 numeri
1293 857 1513 895 nusquam
1541 856 1626 886 non
1645 847 1795 885 sinunt
1812 846 1972 884 tradito

145 917 335 956 termino
375 914 476 955 -έειν
508 916 720 956 substitui
752 914 878 966 -έμεν,
908 926 1011 955 nam
1045 914 1217 964 syllaba
1249 914 1394 953 finalis
1427 915 1501 953 aut
1524 912 1736 965 positione
1766 913 1975 962 producta

146 981 239 1022 esti
271 985 346 1023 aut
377 981 498 1022 arsin
529 980 744 1032 obtinets,
778 984 850 1023 ubi
884 985 927 1023 et
958 983 1165 1022 brevibus
1193 981 1378 1030 syllabis
1405 981 1488 1020 fuit
1514 981 1636 1020 locus
1650 979 1682 1020 k.
1716 981 1765 1019 In
1794 979 1973 1019 Hesiodi

147 1053 297 1091 autem
329 1051 412 1091 hoc
443 1061 598 1091 versu:

502 1118 659 1169 Κρήτκι
691 1116 733 1157 ἐν
765 1118 918 1169 εὐρείκι
949 1115 1151 1167 τραφέμεν
1183 1115 1484 1167 ἀτιταλλέμεναί
1512 1113 1579 1153 rel

147 1187 242 1235 ipse
284 1186 492 1225 carminis
533 1187 685 1225 textus
716 1186 906 1225 traditus
938 1184 1117 1234 praebet
1149 1184 1366 1233 syllabam
1407 1197 1501 1233 -μεν
1533 1183 1596 1221 sic
1628 1182 1901 1229 collocatam,
1935 1182 1977 1218 et

147 1253 221 1301 qui
267 1253 312 1292 in
360 1252 558 1301 Odyssea
602 1253 756 1292 traditi
803 1253 906 1291 sunt
957 1250 1164 1290 infinitivi
1216 1248 1504 1301 πεφριιιὸεέειν7η
1538 1252 1582 1289 et
1628 1247 1828 1300 φαγέεινη
1876 1247 1974 1286 aliis

147 1320 386 1359 eorundem
430 1320 628 1359 codicum
669 1319 776 1359 locis
818 1321 1054 1359 servarunt
1094 1317 1282 1367 figuram
1315 1312 1566 1357 sinceram:
1608 1313 1895 1365 πεφραδέμενθ
1933 1319 1975 1353 et

145 1385 368 1438 φαγέμενρ.
408 1387 638 1426 Manifesta
678 1387 863 1434 denique
907 1388 975 1425 est
1016 1385 1222 1424 infinitivi
1264 1386 1308 1424 in
1349 1387 1429 1423 -εῖν
1470 1384 1712 1423 desinentis
1744 1383 1974 1422 distractio

85 1508 87 1511 ι
149 1454 309 1494 vitiosa
339 1455 383 1493 in
418 1454 620 1494 versibus
651 1453 959 1502 sequentibus:

503 1519 598 1572 πρὶν
629 1520 804 1571 πόλεμόν
835 1516 862 1558 τ’
897 1518 1018 1558 ἰδέειν
1050 1517 1240 1569 πολέμοιό
1273 1533 1310 1558 τε
1342 1518 1515 1570 μέρμερα
1546 1516 1674 1571 ιρέργα
1687 1525 1716 1555 q,

504 1586 566 1627 σοὶ
599 1586 641 1626 δὲ
672 1586 764 1627 θεοὶ
795 1586 940 1638 ἄλοχόν
972 1583 997 1625 τ’
1036 1585 1156 1625 ἰδέειν
1188 1585 1255 1625 καὶ
1287 1583 1445 1637 πατρίδ’
1481 1584 1642 1624 ἱκέσθαι
1655 1593 1682 1623 Γ.

274 1655 359 1695 Ubi
390 1657 519 1705 poeta
551 1656 663 1695 dixit
692 1669 732 1694 τε
763 1655 936 1708 ριδεῖνδ.

271 1724 321 1762 In
353 1723 563 1772 Aeschyli
595 1723 778 1763 canticis
811 1721 1054 1761 infinitivoe
1086 1722 1130 1761 in
1166 1727 1238 1771 -ῆν
1270 1731 1346 1770 pro
1374 1726 1488 1771 -ῆναι
1516 1721 1768 1760 desinentes
1794 1720 1863 1758 hic
1887 1718 1975 1757 illic

151 1790 496 1839 deprehendisse
527 1790 611 1830 sibi
643 1791 767 1829 visus
799 1792 867 1829 est
895 1789 1113 1838 Dindorft,
1149 1791 1192 1828 et
1224 1789 1354 1828 Lesbi
1387 1790 1503 1828 certe
1531 1787 1746 1827 eiusmodi
1774 1785 1977 1825 infinitivi

151 1858 387 1906 aliquando
419 1859 629 1898 vixerunt
642 1867 676 1896 ¹⁴.
710 1858 792 1897 Sed
824 1857 935 1896 nihil
967 1858 1049 1897 hoc
1080 1858 1132 1896 ad
1164 1857 1424 1898 Homerum.

236 2007 257 2027 a
280 1999 308 2026 A
333 1998 397 2027 299
422 1999 448 2027 Ε
471 1998 535 2027 316
561 2009 573 2026 ε
599 1996 662 2027 257
688 1999 703 2025 λ
730 1997 794 2026 364
819 1995 996 2037 (ἠπεροπῆά
1020 1995 1043 2025 τ’
1073 1996 1143 2031 ἴμεν
1167 1995 1234 2032 leg.
1260 1994 1332 2031 —nr'g’
1362 1994 1494 2031 ἔμεναι).
1652 1993 1668 2023 b
1694 2005 1716 2032 φ
1742 1995 1772 2029 3,
1799 1994 1837 2022 81
1864 2005 1886 2022 ω
1913 1994 1974 2022 168

148 2053 359 2091 μνηστήρεσσι
382 2050 480 2086 θέμεν
503 2050 570 2087 leg.
594 2054 787 2089 μνηστῆρσιν
813 2049 957 2085 θέμεναι,
981 2048 1063 2078 Hes.
1088 2047 1190 2086 Oper.
1213 2047 1253 2077 67
1276 2049 1306 2076 lv
1327 2047 1359 2076 δὲ
1380 2048 1478 2083 θέμεν
1498 2047 1605 2076 κύνεόν
1619 2056 1650 2075 τε
1664 2047 1735 2075 νόον
1747 2046 1797 2075 καὶ
1810 2048 1978 2075 ἐπίκλοπον

150 2101 234 2142 ἧθοσ
259 2103 326 2142 leg.
351 2105 381 2133 ὃν
401 2103 435 2133 db
454 2104 524 2132 νόον
543 2103 675 2133 θέμεναι
696 2105 804 2131 κύνεον
825 2113 852 2130 κ.
866 2104 888 2130 ἰ.
902 2099 925 2139 ἧ.
1060 2110 1076 2130 c
1099 2103 1126 2130 A
1149 2100 1212 2130 379
1234 2099 1302 2136 (καί
1323 2101 1362 2138 ῥα
1375 2099 1628 2136 μάλα’λι’σσοντο
1642 2098 1814 2136 ddpevleg.
1831 2099 1880 2127 καὶ
1894 2099 1977 2134 μάλα

145 2156 304 2186 ’λίσσοντο
328 2155 471 2193 δόμεναι)
495 2159 514 2185 Ι
537 2156 612 2186 571.
748 2153 771 2184 d
794 2154 857 2184 719
884 2154 929 2192 (μ’
954 2155 1010 2193 ἔφη
1030 2154 1142 2191 sidau
1162 2153 1228 2191 leg.
1250 2165 1287 2189 με
1310 2151 1431 2190 Ῐίδμεθ
1455 2152 1656 2191 apinam&
1791 2160 1808 2180 e
1830 2150 1976 2188 LMeyer

149 2208 265 2246 Vergl.
290 2208 442 2240 Gramm.
468 2208 503 2238 ΙΙ
529 2209 611 2245 284,
631 2205 857 2236 Ἑότείθιῃεω]
877 2206 919 2236 de
945 2206 1093 2235 dialecto
1117 2205 1257 2236 Hesiod.
1282 2206 1336 2240 33,
1362 2205 1476 2235 Rzach
1502 2203 1641 2234 Dialekt
1664 2203 1726 2233 des
1750 2203 1881 2233 Hesiod
1904 2205 1978 2237 441,

149 2260 292 2290 Bredow
327 2260 370 2290 de
404 2261 555 2291 dialecto
589 2259 754 2290 Herodot.
790 2260 854 2289 324
879 2267 969 2298 sqq„
998 2257 1134 2288 Renner
1168 2259 1203 2287 in
1239 2256 1333 2287 Curt.
1368 2257 1512 2287 Studien
1543 2257 1559 2286 I
1591 2258 1622 2292 2,
1654 2257 1695 2286 32
1721 2265 1809 2294 sqq„
1836 2254 1977 2286 Curtius

149 2313 301 2343 Verbum
325 2312 376 2343 112
401 2314 464 2343 119
489 2322 554 2351 sq„
577 2312 717 2342 thrist
739 2311 831 2341 Prol.
854 2311 895 2341 11.
921 2311 995 2340 145.
1191 2309 1221 2350 f
1240 2310 1323 2347 Pag.
1352 2310 1393 2339 32
1407 2309 1435 2346 f.
1459 2311 1510 2338 An
1530 2309 1640 2347 signis
1662 2321 1736 2338 -εειν
1759 2307 1980 2338 indicabatur

149 2365 282 2404 syllaba
316 2378 374 2396 -ειν
409 2374 428 2395 a
459 2364 642 2404 rhapsodias
673 2372 736 2402 per
762 2367 835 2394 tres
867 2372 981 2394 moras
1013 2364 1114 2393 metri
1146 2370 1250 2392 causa
1283 2363 1471 2400 protracta,
1503 2361 1618 2399 qualia
1644 2363 1725 2391 sunt
1748 2362 1849 2402 ὁράᾶι,
1872 2362 1978 2401 ὁρόω»,

149 2416 287 2451 similia,
312 2415 354 2445 de
385 2414 514 2454 quibus
546 2418 580 2446 in
613 2417 630 2455 5
658 2418 720 2447 191
746 2416 1005 2455 disputabitur?
1028 2417 1165 2446 Benner
1189 2415 1338 2445 coniecit
1361 2413 1496 2453 priscas
1519 2415 1656 2444 litteras
1680 2427 1742 2444 -εεν
1764 2415 1980 2452 significasse

148 2469 222 2503 -εἰι-,
251 2468 313 2498 sed
342 2469 475 2507 optimo
504 2470 579 2499 iure
610 2470 752 2500 vChriet
782 2468 912 2499 obiecit
941 2469 1033 2499 hunc
1064 2469 1250 2499 terminum
1284 2468 1326 2498 ab
1351 2469 1429 2507 ipso
1451 2469 1610 2498 Bennero
1635 2469 1869 2506 excogitatum
1895 2476 1980 2497 esse.

289 2530 311 2560 q
346 2520 386 2550 In
417 2522 609 2552 recentiore
639 2521 789 2552 dialecto
821 2522 946 2552 Dorica
978 2522 1148 2551 terminus
1180 2521 1341 2550 infinitivi
1376 2520 1442 2550 fuit
1472 2532 1528 2555 -εν,
1559 2524 1772 2559 quapropter
1799 2520 1915 2551 Rzach
1945 2520 1978 2548 in

150 2571 296 2603 Hesiodi
329 2581 431 2603 versu
466 2574 590 2604 claudo
625 2575 688 2613 Op.
725 2576 806 2605 611:
851 2572 873 2604 ὦ
908 2574 1028 2614 Πέρση,
1062 2576 1129 2603 τότε
1165 2575 1291 2603 πάντασ
1322 2573 1511 2614 &magiam
1547 2574 1652 2603 οἴκαδε
1685 2575 1804 2613 βότρυσ
1840 2573 1978 2610 scripsit

149 2625 336 2666 ἀποδρέπεν,
368 2624 430 2655 ubi
459 2625 556 2656 vocis
581 2627 714 2665 folxade
738 2635 821 2657 sono
845 2625 973 2656 initiali
1001 2626 1265 2656 commendatur
1289 2626 1311 2655 1.
1336 2634 1365 2655 a.
1390 2626 1560 2667 ἀπόδρεπε.
1584 2626 1651 2656 Sed
1675 2626 1718 2656 ad
1743 2626 1980 2664 quaestionem

148 2677 184 2708 in
217 2686 285 2716 qua
309 2686 486 2708 versamur
512 2679 598 2709 haec
627 2688 682 2710 res
713 2688 781 2710 non
811 2678 979 2718 pertinet,
1003 2679 1166 2717 quoniam
1192 2678 1285 2717 apud
1310 2679 1499 2708 Homerum
1525 2679 1664 2708 termini
1687 2679 1761 2707 -im
1785 2686 1852 2707 non
1877 2685 1980 2706 sonus

150 2743 174 2760 ει
199 2732 386 2768 suspectus
410 2732 475 2767 est,
499 2730 560 2760 sed
583 2740 688 2762 sonus
711 2744 734 2761 ε.
888 2731 908 2761 h
931 2731 999 2761 Sed
1023 2730 1110 2769 Clip.
1137 2731 1214 2766 231,
1240 2732 1316 2767 304,
1344 2731 1421 2767 240,
1447 2731 1524 2767 252,
1551 2731 1628 2768 332,
1652 2731 1728 2760 337.
1882 2729 1894 2758 i
1917 2729 1976 2758 Ex.

151 2791 202 2820 gr.
226 2786 252 2812 θ
277 2782 341 2812 508
364 2781 380 2816 ξ
407 2783 483 2812 399.
631 2783 653 2823 j
676 2785 764 2814 Ante
790 2792 970 2814 caesuram
998 2787 1028 2812 Τ
1048 2785 1088 2814 15
1114 2783 1170 2820 al„
1191 2783 1227 2813 in
1250 2784 1320 2813 arsi
1344 2783 1497 2813 secunda
1519 2795 1540 2819 μ
1566 2784 1630 2812 446
1655 2792 1671 2811 τ
1693 2783 1771 2817 477,
1795 2780 1830 2810 in
1855 2784 1977 2818 quarta

152 2839 180 2864 A
209 2835 273 2865 268
302 2847 315 2864 ε
338 2834 414 2871 349,
436 2833 472 2864 in
498 2835 617 2873 quinta
643 2847 662 2865 ν
687 2837 763 2866 313.
965 2835 985 2865 k
1008 2835 1026 2874 ξ
1052 2836 1105 2866 19.
1308 2834 1321 2865 l
1343 2836 1425 2866 Hes.
1450 2836 1580 2873 Theog.
1608 2835 1683 2864 480.
1708 2833 1895 2865 Praesentis
1916 2834 1977 2862 inf.

151 2887 265 2924 ἀγέμεν
288 2888 338 2917 sic
362 2891 416 2917 est
439 2887 629 2918 collocatus
648 2891 680 2917 H
703 2888 781 2924 418,
805 2888 882 2918 420.
1084 2898 1112 2917 m
1139 2898 1155 2917 τ
1181 2888 1258 2918 477.
1469 2898 1489 2917 n
1514 2897 1537 2917 π
1561 2887 1637 2916 429.
1839 2895 1856 2915 0
1882 2897 1898 2923 η
1922 2885 1975 2915 49.

278 2949 303 2978 p
329 2951 347 2969 κ
371 2940 435 2969 386
461 2940 504 2969 al.
649 2949 668 2979 q
697 2942 723 2970 Θ
748 2940 823 2970 453.
969 2949 987 2969 r
1013 2943 1037 2969 θ
1062 2939 1140 2970 410.
1286 2949 1302 2970 s
1328 2940 1345 2969 δ
1370 2940 1434 2970 475
1459 2952 1472 2969 ε
1497 2941 1550 2974 41,
1577 2940 1639 2969 114
1665 2940 1681 2973 ζ
1703 2939 1767 2968 314
1792 2950 1801 2967 ι
1826 2938 1889 2967 532
1915 2946 1977 2975 pro

151 2994 264 3031 φιλουσ
300 2992 323 3021 τ’
359 2992 449 3022 ἰδέειν
486 2993 536 3021 καὶ
569 2992 697 3022 ἱκέσθαι
721 2993 789 3030 leg.
812 3004 846 3030 φ.
869 2992 998 3030 Ῑιόέμεν
1022 2993 1072 3022 καὶ
1100 2995 1129 3027 1.,
1151 3001 1232 3031 pag.
1259 2993 1298 3022 52
1313 2992 1342 3029 f,
1364 2995 1403 3022 ut
1428 3004 1445 3022 κ
1476 2992 1541 3022 473
1567 2994 1732 3029 σαωθῆναι
1755 2991 1806 3020 καὶ
1842 2990 1978 3020 ἱκέσθαι.

284 3045 297 3074 t
320 3044 381 3074 Ex.
407 3053 458 3082 gr.
479 3048 649 3084 χριμφθῆν
673 3044 794 3082 Suppl.
821 3045 903 3081 79ος
927 3044 1011 3074 item
1035 3045 1153 3074 ἂναδῦν
1178 3044 1330 3082 Οὶιοέρὴ.
1359 3045 1433 3074 808.
1639 3053 1659 3073 u
1683 3043 1744 3073 Ex.
1767 3051 1818 3080 gr.
1844 3043 1977 3079 ὀντέθην

152 3087 430 3134 (=amnsr·1m)
454 3097 548 3127 Aeol.
574 3094 706 3133 3118⁷³⁴‚
731 3097 868 3127 curtius
891 3096 1042 3127 Verbum
1064 3094 1114 3126 Π2
1140 3098 1215 3133 121,
1240 3098 1314 3127 358.
