2234 3443
239 169 319 206 112
988 179 1041 206 DE
1075 177 1291 206 coNsoms.
1919 171 1959 215 [ἓ
1993 169 2048 207 38

237 293 303 330 An
356 292 680 330 rescribendum
733 293 800 330 est
857 289 1145 338 ἐννοσίφυλλοσ
1199 291 1252 328 ad
1310 290 1561 339 exemplum
1613 292 1794 330 alterius
1846 292 2050 330 adiectivi

234 359 427 406 pluribus
469 359 576 397 locis
617 360 818 397 inventi?
859 360 992 406 Atqui
1033 368 1333 406 synonymum
1361 359 1403 396 et
1434 358 1485 396 ab
1518 359 1669 397 eadem
1703 360 1836 407 stirpe
1869 359 2049 397 ductum

233 426 420 474 Neptuni
453 427 675 474 epitheton
707 425 943 475 ἐνοσίχθων,
974 426 1084 473 quod
1110 436 1185 473 per
1211 426 1348 463 totam
1366 425 1550 464 Iliadem
1569 428 1792 474 totamque
1810 426 2051 474 Odysseam

234 494 400 541 passim
442 496 703 542 usurpatum
742 495 822 540 est,
856 493 1019 531 brevem
1051 493 1181 531 habet
1211 502 1367 530 sonum
1401 492 1630 542 initialem,
1663 494 1772 532 item
1804 503 1890 532 vox
1921 492 2053 530 ἕνοσισ

233 560 327 598 sive
369 563 503 599 terrae
549 562 737 607 motusa;
786 560 899 598 unde
946 559 1131 598 efficitur
1177 568 1316 606 neque
1357 559 1532 598 Aeolico
1574 570 1693 599 more
1726 559 1977 610 ἐννοσίγαιον
2008 561 2053 597 et

235 626 523 676 ἐννοσίφυλλον
563 638 701 676 neque
736 628 882 667 Ionico
915 627 1156 678 εἰνοσίγαιον
1189 628 1232 665 et
1263 626 1544 674 εἰνοσίφυλλον
1576 637 1674 666 esse
1705 627 1944 675 scribenda,
1978 625 2054 664 sed

235 696 395 734 brevem
442 696 579 734 fuisse
628 694 824 733 vocalem
871 694 1102 742 initialem,
1149 695 1291 732 metro
1340 696 1486 731 autem
1531 695 1711 741 cogente
1753 694 1796 731 in
1838 694 1925 732 arsi
1956 702 2051 731 esse

234 763 510 810 collocatam,
544 764 592 800 ut
623 762 837 809 syllabam
871 762 1059 810 primam
1093 761 1211 799 vocis
1242 759 1425 809 Ζεφυρίη
1457 762 1499 798 et
1531 760 1715 798 aliarum
1731 757 1760 799 b.
1797 782 1848 787 —
1881 760 2052 808 „Immo

239 829 576 878 „antiquissima
607 829 756 876 stirpis
782 829 924 867 forma
949 828 1032 867 fuit
1058 826 1252 880 §vfosc—s’
1279 828 1342 866 sic
1369 827 1464 865 alii:
1503 837 1608 875 „suo
1636 827 1770 874 igitur
1801 828 1893 866 iure
1924 828 2054 874 longa

238 897 347 947 „fuit
373 896 543 945 syllaba
566 896 763 945 initialis,
791 897 884 935 sive
902 894 988 947 §vf—
1005 896 1100 935 sive
1117 894 1205 933 ἐνν-
1222 896 1315 934 sive
1333 894 1411 933 εἰν-
1437 894 1759 943 proferebatur;
1788 894 2052 933 Hesiodeum

238 966 413 1014 „autem
460 963 566 1002 illud
613 962 747 1001 ἕνοσισ
790 963 1047 1002 recentioris
1091 963 1174 1001 fuit
1221 962 1332 1010 aevi,
1381 964 1423 1000 et
1465 963 1584 1000 vocis
1618 959 1882 1011 ἐνοσίχθονοσ
1913 961 2056 1009 prima

238 1031 436 1081 „syllaba
466 1032 510 1070 in
541 1030 675 1069 Iliade
708 1033 749 1070 et
789 1031 833 1069 in
867 1031 1063 1079 Odyssea
1095 1032 1236 1069 metro
1268 1032 1449 1078 cogente
1481 1029 1629 1068 brevis
1661 1035 1727 1067 est
1760 1029 1924 1077 habita,
1952 1028 2053 1076 quia

239 1099 532 1149 „syllabarum
575 1121 641 1136 -on
679 1098 928 1136 iuncturam
962 1108 1048 1137 non
1081 1097 1249 1136 ferebat
1281 1107 1436 1136 versus
1470 1097 1714 1135 heroicus.”
1750 1117 1806 1122 —-
1838 1096 1895 1134 At
1927 1095 2055 1134 unde-

236 1177 339 1206 nam
372 1167 545 1205 constat
575 1166 776 1204 homines
808 1166 927 1204 sonis
959 1164 1112 1217 gvfom-
1139 1175 1243 1204 usos
1269 1174 1366 1203 esse
1394 1164 1656 1212 aliquando?
1674 1163 1934 1203 Coniectura
1950 1163 2058 1201 haec

236 1236 318 1283 est,
358 1233 467 1272 nihil
508 1233 721 1281 amplius;
758 1243 859 1271 nam
897 1234 1124 1281 ignoratur
1164 1232 1313 1280 stirpis
1343 1232 1476 1279 origo.
1510 1232 1743 1271 Faciamus
1776 1232 1920 1269 autem
1957 1239 2054 1269 eam

237 1311 389 1340 verum
421 1301 643 1348 tetigisse:
677 1300 778 1347 quid
810 1300 944 1347 igitur
974 1300 1141 1348 priscos
1173 1301 1324 1347 poetas
1357 1299 1496 1337 movit
1522 1301 1571 1337 ut
1598 1298 1815 1346 fingerent
1832 1298 2055 1346 epitheton

235 1367 481 1420 {vfoolxfioev
513 1369 653 1406 metro
687 1367 901 1414 dactylico
935 1377 1021 1406 non
1054 1377 1308 1415 congruum,
1343 1376 1444 1405 cum
1476 1369 1651 1414 praesto
1669 1367 1788 1404 esset
1805 1364 2056 1417 s’vfooa'yazoa

237 1437 495 1475 hexametro
528 1434 843 1483 aptissimum?

354 1503 472 1542 Haec
513 1502 585 1549 qui
629 1511 778 1540 secum
820 1501 1058 1549 perpendit,
1096 1501 1256 1539 scribet
1293 1498 1519 1551 ἐνοσίγαιοσ
1561 1502 1603 1539 et
1640 1498 1918 1550 ἐνοσίφυλλοσ,
1948 1499 2057 1537 nihil

236 1571 339 1610 novi
371 1571 434 1609 sic
465 1570 659 1615 molitus,
693 1569 899 1616 quoniam
931 1571 974 1607 in
1008 1568 1328 1616 antiquissimis
1355 1567 1679 1616 exemplaribus
1706 1567 2060 1606 ΕΝΟΣΙΓΑΙΟΣ

238 1640 280 1677 et
314 1637 692 1676 ΕΝΟΣῙΦΥΛΟΣ
722 1637 886 1684 scripta
917 1636 1130 1674 fuer-unte.

356 1774 499 1812 Etiam
546 1774 620 1812 ubi
665 1774 762 1811 soni
809 1783 859 1820 σμ
907 1771 976 1811 vel
1018 1783 1065 1808 σν
1107 1781 1214 1810 aevo
1256 1772 1583 1810 antehomerico
1614 1771 1803 1818 fuerunt,
1836 1769 2060 1818 productio

237 1841 504 1890 suppletoria
534 1841 577 1879 in
610 1843 737 1879 textu
765 1840 924 1878 tradito
951 1839 1141 1878 alternat
1168 1849 1266 1878 cum
1293 1839 1457 1887 liquida
1474 1839 1710 1887 geminata.
1736 1836 2055 1885 Legunturibi:

358 1905 495 1960 (ασμ)
558 1906 759 1956 &apso-—
778 1901 893 1956 ἃμόσ,
924 1903 1035 1956 ἧμιν,
1067 1907 1121 1946 al.

358 1973 486 2028 (οσμ)
548 1967 883 2025 ὔμμεσ-ῧμόσ,
914 1975 969 2013 al.

376 2041 483 2094 ἐσμ)
545 2041 780 2092 ἔμμεναι-
799 2041 890 2092 εἰμί,
921 2039 1042 2092 εἰμέν,
1073 2036 1176 2091 εἷμα,
1206 2036 1324 2092 εἷμαι,
1355 2039 1624 2090 καταειμένοσ.

358 2107 487 2161 (adv)
544 2109 724 2161 ἐραννόσ.

359 2173 478 2228 (εσν)
541 2175 750 2229 ἀργεννόσ,
805 2175 1026 2227 ἐρεβεννόσ,
1081 2174 1222 2225 ἔννῦμι
1261 2198 1316 2203 -
1350 2175 1545 2225 αἰπεινόσ,
1590 2172 1804 2225 ἀλεγεινόσ,
1849 2171 2061 2223 ἐρατεινόσ,

603 2243 845 2292 κελαδεινόσ,
875 2240 1118 2293 πετεεινόσιί,
1149 2243 1359 2292 ποθεινόσ,
1389 2241 1571 2292 φαεινόσ,
1602 2240 1838 2279 καταείνυον
1853 2248 1880 2280 ⁶.

359 2311 473 2350 Olim
508 2314 655 2351 autem
689 2313 944 2358 (Η)ΑΜΕΣ,
975 2312 1228 2357 (Η)ΑΜΟΣ,
1260 2311 1510 2358 (Η)ΥΜΕΣ,
1536 2307 1785 2360 (Η)ΥΜΟΣ,
1812 2308 2060 2352 ΕΜΕΝΑΙ,

241 2379 456 2425 (H)EMA,
492 2381 766 2428 ΑΡΓΕΝΟΣ,
814 2380 1063 2427 ΦΑΕΝΟΣ,
1109 2381 1189 2417 cet.
1238 2379 1402 2426 scripta
1448 2379 1565 2423 sunt,
1614 2376 1713 2414 aliis
1759 2376 1874 2414 enim
1922 2376 2059 2423 signis

240 2447 422 2486 indicari
469 2446 574 2484 talia
620 2450 723 2485 tunc
770 2457 855 2485 non
902 2448 1117 2495 poterant.
1166 2446 1316 2493 Itaque
1363 2455 1448 2483 non
1491 2446 1556 2482 est
1599 2454 1674 2482 cur
1714 2442 1821 2481 fides
1853 2442 2062 2481 habeatur

240 2514 624 2561 transcriptoribus
665 2514 734 2552 vel
776 2514 1091 2562 grammaticis,
1137 2513 1294 2561 quibus
1336 2512 1387 2551 ad
1420 2511 1778 2559 orthographicas
1809 2510 2060 2548 huiusmodi

241 2582 517 2629 quaestiones
557 2581 790 2620 solvendas
830 2583 1092 2629 argumenta
1132 2580 1318 2619 certiora
1358 2579 1479 2618 nulla
1519 2578 1694 2617 fuerunt
1725 2578 1896 2625 praesto
1927 2586 2058 2623 quam

240 2650 345 2686 sunt
376 2648 498 2686 nobis
530 2649 601 2694 qui
635 2658 749 2686 nunc
780 2648 988 2686 vivimus.

361 2783 503 2821 Sonus
551 2794 573 2819 σ
618 2782 806 2830 liquidae
850 2785 869 2819 λ
917 2782 985 2820 vel
1026 2797 1047 2831 ρ
1088 2783 1347 2820 subiunctus
1389 2780 1640 2820 assimulari
1671 2778 1857 2825 solebat;
1892 2776 2059 2824 integer

243 2851 391 2888 tamen
434 2852 615 2897 uterque
657 2859 791 2888 sonus
832 2850 1075 2897 permansit
1107 2850 1149 2887 in
1183 2849 1365 2888 vombus
1396 2846 1531 2897 ἅλσοσ,
1561 2846 1710 2896 τέλσον,
1740 2843 1879 2894 ἅρσην,
1909 2841 2063 2896 ἐρέρσκ.

329 3031 348 3049 α
374 3022 452 3050 Hes.
475 3021 603 3058 Theog.
627 3022 702 3055 681,
725 3021 801 3055 706,
822 3020 895 3049 849.
1032 3018 1047 3047 b
1073 3020 1154 3053 §21.
1291 3028 1306 3048 c
1328 3019 1447 3056 Neque
1468 3019 1501 3047 in
1524 3018 1565 3047 iis
1586 3025 1671 3054 quae
1691 3016 1733 3045 ad
1755 3024 1815 3045 nos
1831 3017 2060 3054 pervenerunt

245 3072 501 3110 exemplaribus
521 3073 645 3102 desunt
666 3071 819 3102 melioris
839 3072 943 3101 huius
963 3072 1107 3100 rationis
1127 3071 1265 3105 indicia,
1288 3072 1420 3108 Proleg.
1442 3070 1479 3099 Il.
1505 3070 1588 3099 1912
1609 3077 1686 3107 pag.
1705 3069 1771 3098 XL.
1894 3067 1916 3097 cl
1938 3068 2062 3097 Melme

244 3127 401 3162 πετεηιόσ.
537 3134 552 3154 e
579 3128 612 3153 ψ
635 3125 708 3157 135,
733 3125 799 3162 leg.
825 3127 1026 3161 uatefeiivov.
