2234 3443
1079 147 1157 176 xiv

1950 196 1996 224 Pa

560 259 614 298 11.
645 258 706 297 De
739 258 884 297 verbis
915 257 1117 297 flexionis
1150 256 1444 296 atbematicae
1498 283 1878 295 ......
1941 203 2026 292 3185

443 364 464 406 ἓ
501 359 582 398 169
624 360 770 408 κεῖμαι,
797 356 901 395 κείω.
942 363 964 406 ξ
1000 356 1083 395 170
1116 360 1284 394 στεῦται.
1325 354 1346 397 5
1384 355 1464 394 171
1498 353 1698 403 -αίνυμαι,
1740 355 1761 398 5
1798 354 1878 392 172

325 429 440 475 κιεῖν,
468 423 645 474 κίνυμαι.

564 550 640 589 ΙΙΙ.
673 550 732 588 De
763 548 973 597 stirpibus
1003 548 1048 586 in
1079 562 1130 586 αυ
1163 547 1234 587 vel
1265 548 1309 586 in
1342 561 1386 586 ευ
1419 545 1725 586 desinentibus
1796 576 1804 584 .
1871 574 1879 583 .
1943 545 2029 584 316

447 657 468 698 ξ,
504 650 586 688 173
619 649 670 688 de
706 648 847 687 verbis
882 648 926 686 in
957 646 1051 684 -αίω
1085 650 1129 685 et
1160 647 1258 685 -είω,
1286 647 1307 689 5
1340 648 1422 686 174
1454 645 1568 685 ἶαύω.
1606 646 1627 688 5
1661 646 1742 684 175
1774 645 1888 696 γαίω,

331 717 520 769 γάνυμαι,
556 716 705 768 γανάω,
744 714 891 766 γκθέω.
936 715 957 758 5
994 715 1076 754 176
1111 714 1221 752 δαίω.
1259 716 1281 758 5
1318 715 1397 753 177
1432 712 1544 751 καίω.
1577 718 1598 760 5
1635 713 1717 751 178
1750 711 1884 749 κλαίω.

331 788 352 831 5
387 785 469 824 179
502 799 612 834 χραυ.
647 784 668 827 5
704 783 787 823 180
819 781 996 832 ἀλέομαι.
1028 785 1049 828 5
1087 782 1167 821 181
1204 781 1384 830 δεύομαι.
1418 782 1440 825 5
1478 781 1560 820 182
1593 779 1706 818 θείω.
1738 779 1759 821 5
1802 780 1884 818 183

328 852 454 889 κλείω.
481 854 502 896 ἓ
534 851 616 890 184
648 849 736 889 νέω.
768 850 790 893 5
822 851 903 889 185
931 848 1065 897 πλείω,
1095 849 1226 887 πλώω.
1259 853 1280 895 5
1311 849 1393 888 186
1421 847 1557 885 πνείω.
1590 848 1611 891 5
1644 847 1725 886 187
1754 845 1888 897 ρείειν,

330 918 518 970 ῥώεσθαι.
549 921 570 964 ἓ
607 919 689 958 188
722 918 834 957 σεύω.
870 916 890 959 ἓ
926 919 1008 958 189
1040 916 1143 968 χείω.

213 1058 313 1107 Gap.
346 1058 400 1098 X.
432 1058 492 1097 De
524 1059 735 1108 stirpibus
767 1059 811 1098 in
843 1069 868 1097 ᾶ
899 1058 969 1098 vel
1002 1059 1047 1097 in
1079 1072 1104 1108 η
1133 1057 1202 1097 vel
1235 1057 1279 1096 in
1312 1071 1342 1095 ω
1374 1054 1679 1095 desinentibus
1726 1083 1736 1094 .
1802 1083 1812 1093 .
1875 1083 1884 1092 .
1947 1053 2033 1092 319

568 1167 601 1206 I.
633 1166 695 1205 De
727 1166 873 1205 verbis
904 1175 1089 1214 quorum
1121 1174 1335 1214 praesens
1359 1163 1454 1203 sola
1481 1161 1621 1202 vocali
1648 1160 1893 1200 thematica

688 1235 757 1273 est
788 1235 993 1272 ornatum
1064 1257 1886 1272 ............
1951 1228 2035 1266 319

451 1338 471 1380 5
509 1334 590 1373 190
623 1333 675 1372 de
709 1332 853 1371 verbis
884 1333 929 1372 in
960 1327 1052 1382 -ἇω,
1082 1330 1174 1381 -ήω,
1202 1330 1299 1369 -ώω,
1330 1330 1352 1374 5
1389 1331 1470 1369 191
1507 1330 1558 1369 de
1585 1329 1820 1369 verborum
1845 1329 1890 1367 in

332 1401 423 1450 -άω,
460 1399 543 1449 -έω,
582 1400 656 1439 -όω
689 1400 998 1439 contractione.
1032 1402 1053 1445 ἓ
1090 1399 1172 1439 192
1206 1399 1258 1438 de
1289 1398 1526 1437 verborum
1559 1397 1604 1435 in
1635 1396 1713 1434 -άω
1744 1396 1892 1435 futuro

334 1472 417 1507 etc.
451 1468 471 1510 5
508 1469 591 1507 193
624 1467 855 1519 δηριάομαι,
886 1466 1026 1518 δοκέω,
1056 1465 1193 1516 φιλέω.
1224 1466 1245 1509 5
1283 1467 1364 1504 194
1398 1464 1495 1512 ζώω.

572 1595 627 1633 II.
659 1594 720 1633 De
751 1593 938 1633 flexione
971 1603 996 1632 a
1027 1602 1111 1640 qua
1142 1591 1308 1631 vocalis
1338 1591 1582 1630 thematica
1612 1590 1737 1629 abest
1809 1619 1817 1628 .
1883 1590 1898 1628 .'
1956 1589 2038 1628 331

455 1695 476 1738 s
512 1695 593 1734 195
627 1694 679 1733 de
712 1693 855 1732 vocali
885 1692 1129 1732 thematiea
1161 1692 1350 1739 omissa;
1383 1690 1462 1730 inf.
1495 1691 1537 1730 in
1570 1688 1749 1739 -ήμεναι,
1781 1688 1898 1728 dual.

336 1762 458 1811 impf.
507 1762 551 1800 in
597 1762 733 1811 -ιίτκν,
780 1760 890 1799 aliae
935 1760 1105 1799 formae
1151 1769 1289 1798 rarae.
1339 1762 1360 1805 ἓ
1402 1758 1484 1797 196
1528 1756 1675 1807 ἵστκμι,
1720 1753 1900 1805 ὀνίνκμι,

339 1829 553 1878 πίμπλκμι,
591 1827 810 1878 πίμπρκμι,
844 1825 1072 1876 ἐπίσταμαι,
1107 1826 1262 1876 τίθημι,
1292 1824 1392 1876 ΐημι,
1424 1824 1580 1874 δίδωμι.
1613 1829 1634 1872 ξ
1673 1825 1753 1864 197
1787 1822 1898 1874 ἅηιιι.

340 1901 360 1944 5
398 1897 479 1935 198
513 1895 664 1945 δίδημι,
695 1893 784 1933 δέω.
817 1899 838 1942 5
874 1895 956 1933 199
991 1893 1135 1937 δίεμαι.
1167 1895 1188 1938 5
1220 1894 1305 1933 200
1338 1892 1510 1943 δίζημαι.
1542 1898 1563 1941 g
1598 1893 1681 1931 201
1715 1888 1868 1944 fisum.

577 2020 655 2059 III.
686 2019 747 2058 De
779 2018 1026 2068 praesentis
1055 2017 1192 2067 stirpe
1224 2017 1359 2056 variis
1392 2015 1681 2055 incrementis
1712 2017 1842 2054 aucta
1888 2044 1897 2054 .
1961 2015 2047 2053 335

460 2119 481 2161 5
515 2112 599 2150 202
647 2110 788 2161 βαίνω.
833 2111 854 2153 5
888 2110 973 2149 203
1021 2108 1208 2147 διδάσκω.
1255 2108 1393 2151 §204
1440 2107 1680 2157 μιμνιίισκω,
1724 2102 1901 2156 μνᾶομαι

343 2178 453 2223 (bis).
485 2179 507 2221 5
535 2179 619 2217 205
647 2177 760 2228 δαίω,
791 2177 926 2227 δαΐζω,
957 2176 1133 2225 δαίνῦμι.
1166 2176 1187 2219 5
1216 2176 1300 2215 206
1333 2172 1540 2224 πατὲομαι.
1571 2174 1592 2217 5
1621 2173 1703 2214 207
1737 2168 1901 2223 φθάνω.

344 2247 365 2289 5
400 2245 484 2285 208
516 2240 677 2295 κιχάνω.

227 2394 326 2443 Cap.
359 2394 433 2432 XI.
468 2393 528 2432 De
559 2393 772 2442 stirpibus
803 2393 847 2432 in
879 2394 1050 2432 mutam
1084 2392 1306 2431 dentalem
1338 2390 1641 2430 desinentibus
1670 2419 1678 2429 .
1743 2419 1752 2429 .
1818 2419 1826 2429 .
1892 2419 1900 2428 .
1965 2388 2049 2428 337

583 2501 616 2540 1.
649 2500 994 2540 Observationes
1025 2499 1254 2548 generales
1301 2526 1902 2539 .........
1967 2497 2049 2535 337

466 2597 487 2640 g
530 2593 615 2631 209
657 2593 709 2632 de
749 2593 880 2632 huius
911 2592 1121 2631 sectionis
1154 2591 1299 2630 verbis
1329 2591 1374 2630 in
1405 2601 1520 2629 -σσω,
1551 2594 1573 2637 5
1606 2590 1691 2629 210
1724 2590 1776 2629 de
1809 2599 1904 2629 con·

348 2670 456 2699 sona
482 2670 504 2697 σ
530 2660 573 2698 in
606 2660 753 2699 futuro
786 2662 828 2699 et
860 2660 905 2699 in
937 2659 1099 2699 aoristo
1131 2658 1367 2708 duplicata.

587 2784 641 2823 ΙΙ.
673 2783 734 2823 De
761 2783 1006 2832 praesentis
1037 2782 1172 2831 stirpe
1204 2791 1290 2821 non
1322 2783 1451 2820 aucta
1483 2790 1675 2820 consona
1748 2810 1757 2819 .
1821 2809 1830 2819 .
1894 2809 1902 2818 .
1968 2779 2051 2817 337

471 2882 491 2924 5
539 2876 622 2914 211
672 2873 847 2923 ἀλδάνω,
888 2872 1012 2924 ἄρδω,
1061 2871 1220 2922 ἀμέρδω
1266 2873 1375 2922 (bis),
1420 2870 1604 2922 ἄντομαι,
1649 2869 1908 2925 (ἔλρέλδομαι,

352 2941 615 2994 (ἕῃῑέλπομαι,
639 2940 807 2991 ἱμάσσω,
831 2940 982 2991 κένσαι,
1002 2938 1156 2991 πέρθω,
1181 2938 1351 2978 σπένδω.
1376 2941 1397 2985 5
1417 2940 1502 2979 212
1528 2938 1612 2992 μδ.
1640 2943 1661 2986 ἓ
1680 2939 1766 2978 213
1783 2938 1906 2977 κάδω.

354 3015 375 3057 5
409 3010 493 3048 214
525 3011 675 3048 κεύθω.
702 3014 723 3057 5
752 3011 836 3049 215
865 3008 1056 3059 μήδομαι,
1080 3006 1261 3058 μέδομαι.
1279 3006 1300 3049 5
1320 3007 1405 3047 216
1422 3004 1603 3057 πέτομαι.
1619 3009 1641 3053 5
1660 3006 1743 3046 217
1763 3005 1906 3045 πείθω.

356 3075 376 3117 5
411 3077 495 3115 218
528 3076 666 3115 εἴωθα.
697 3081 719 3123 ἓ
753 3077 838 3116 219
872 3076 1076 3126 φείδομαι.
