2234 3443
151 187 174 233 ἓ
205 185 277 230 40]
906 191 960 219 DE
993 190 1210 219 conserus.
1881 169 1960 207 117

267 307 527 347 columbum
569 317 698 346 suum
740 307 846 347 haec
882 305 1087 344 America
1119 302 1395 352 expectabat.
1428 299 1634 338 Divinum
1668 294 1967 343 requirebatur

148 375 372 424 ingenium
425 375 478 413 ad
524 375 567 413 id
615 374 924 422 detegendum,
972 372 1084 419 quod
1131 370 1271 409 ullum
1319 377 1511 415 unquam
1560 364 1785 403 hominem
1830 361 1967 398 latere

149 443 345 492 potuisse
370 452 485 481 nunc
512 443 730 481 mirantur
758 442 879 489 pueri
907 441 950 478 in
967 439 1300 489 gymnasiorum
1320 434 1554 474 subselliis.
1573 431 1698 470 Unus
1715 429 1846 467 homo
1865 427 1970 465 divi-

150 510 292 549 nando
315 520 408 549 rem
434 510 643 558 restituit,
672 509 840 558 poesim
867 509 1019 556 poetae
1046 505 1246 556 reddidit,
1275 506 1416 542 artem
1442 509 1616 540 summo
1635 495 1804 543 artifici,
1822 495 1964 532 lucem

151 577 304 616 offudit
344 577 552 625 tenebris,
596 579 639 615 et
686 576 830 615 effecit
863 577 911 614 ut
941 574 1094 623 paucis
1126 574 1345 619 certisque
1376 569 1546 618 legibus
1578 563 1790 611 adstringi
1823 562 1972 610 posset

149 654 259 692 quae
285 644 508 692 indigesta
534 646 664 683 antea
693 644 921 682 videbatur
946 642 1086 680 moles
1113 640 1472 679 observationum
1500 634 1798 674 metricarum.
1833 628 1969 677 Quem

148 711 403 750 nominasse
436 712 594 761 virum,
637 712 679 749 id
713 714 780 750 est
813 720 912 749 eum
945 709 1176 748 admirari:
1210 707 1435 746 Bentleius
1467 710 1535 743 est
1567 702 1640 749 qui
1672 697 1896 748 perspexit
1927 695 1968 732 id

150 779 262 826 quod
293 780 396 818 ante
427 789 528 818 eum
561 789 689 818 nemo
723 779 936 827 viderata,
966 779 1065 825 post
1091 786 1191 815 eum
1219 785 1348 814 nemo
1372 771 1593 821 ignoravit
1619 768 1790 817 praeter
1818 771 1971 802 caecos

148 847 225 884 aut
263 845 377 885 ultro
418 847 727 886 caecutientes.
770 846 909 884 Fuere
954 846 1027 893 qui
1068 845 1112 882 in
1155 844 1256 883 crisi
1299 840 1535 881 Homerica
1577 844 1761 876 acumen
1802 829 1973 870 Bentlei

147 912 312 953 frustra
352 915 501 962 quaeri
538 914 828 964 perhiberent,
872 916 991 953 certa
1023 913 1140 951 enim
1175 910 1481 950 emendatione
1514 907 1590 946 vix
1622 904 1759 943 ullum
1794 906 1970 938 versum

151 981 322 1030 epicum
364 983 416 1021 ab
459 993 509 1022 eo
551 984 836 1031 persanatum
880 979 1020 1020 esseb.
1064 980 1182 1029 Quod
1225 978 1519 1018 falsissimum
1562 975 1630 1013 est
1667 971 1857 1018 crimen;
1894 963 1971 1003 sed

151 1048 266 1087 haud
293 1050 491 1098 iniquum
525 1052 640 1089 esto:
674 1050 817 1098 ipsam
851 1051 991 1087 artem
1024 1048 1255 1086 metricam
1284 1045 1461 1084 sanavit
1487 1040 1726 1086 Bentleius,
1753 1034 1866 1074 satis
1892 1032 1974 1070 hoc

151 1115 336 1163 gloriae!
380 1117 566 1156 Etiamsi
608 1117 715 1155 nihil
746 1127 821 1165 per
851 1119 990 1155 totam
1025 1116 1163 1153 vitam
1198 1114 1382 1152 vidisset
1414 1111 1506 1150 veri
1537 1108 1621 1148 nisi
1652 1106 1728 1144 illo
1759 1099 1972 1149 temporis

151 1183 333 1223 articulo
380 1195 463 1233 quo
509 1185 675 1223 detexit
718 1184 943 1232 digamma
985 1182 1286 1229 Homericum,
1330 1179 1400 1218 vel
1447 1179 1510 1216 sic
1552 1177 1602 1215 de
1645 1172 1768 1212 bonis
1809 1166 1972 1206 litteris

149 1251 458 1290 immortaliter
491 1254 609 1291 esset
640 1252 840 1290 meritus.
874 1250 1065 1299 Lapillos
1098 1251 1146 1288 ut
1178 1248 1323 1287 nullos
1351 1258 1372 1286 e
1398 1247 1470 1284 via
1497 1241 1748 1287 removerit,
1780 1258 1831 1265 -
1861 1232 1974 1282 quod

149 1327 376 1366 perperam
424 1322 492 1358 est
537 1318 826 1368 perhibitum!
875 1318 950 1356 sed
993 1317 1207 1356 faciamus
1249 1324 1403 1354 verum
1434 1322 1555 1352 esse:
1591 1331 1642 1338 -—
1677 1309 1818 1356 ipsam
1852 1302 1972 1340 Viam

154 1385 318 1423 criseos
351 1385 612 1425 Homericae
644 1386 830 1434 aperuit.
864 1384 1128 1424 Monstravit
1160 1387 1263 1422 iter:
1298 1380 1584 1421 sternendum
1617 1373 1793 1422 reliquit
1825 1370 1936 1410 aliis,

266 1452 493 1492 Bentleius
519 1454 652 1502 igitur
679 1463 793 1492 anno
826 1454 938 1492 1713
967 1453 1102 1491 edidit
1124 1451 1454 1490 observationes
1471 1447 1523 1485 ad
1540 1444 1738 1484 libellum
1757 1437 1972 1488 quendam

151 1528 288 1567 nuper
328 1519 411 1558 sibi
452 1521 656 1561 lectumc.
700 1520 832 1560 Cuius
871 1520 1006 1559 libelli
1049 1519 1276 1567 exemplar
1317 1526 1400 1565 quo
1433 1515 1506 1554 ille
1538 1523 1644 1552 usus
1678 1511 1747 1549 est
1778 1507 1972 1546 aetatem

150 1583 308 1625 tulitd:
342 1587 386 1626 in
418 1589 577 1636 pagina
607 1590 856 1636 ceteroquin
889 1597 1029 1626 vacua
1067 1587 1125 1624 ibi
1163 1587 1268 1624 haec
1302 1585 1506 1633 leguntur
1538 1582 1631 1620 eius
1662 1585 1798 1616 manu
1826 1572 1972 1611 allita:

155 1653 371 1702 „Homers
404 1655 580 1707 δίγαμμα
611 1656 840 1695 Aeolicum
872 1657 917 1694 to
950 1655 1001 1693 be
1033 1654 1183 1693 added.
1211 1648 1322 1691 οἶνοσ
1348 1647 1508 1704 μοῖνοσ,
1531 1649 1704 1687 vinum:
1739 1654 1764 1682 a
1789 1641 1972 1679 Demon-

156 1723 369 1770 „stration
412 1724 459 1762 of
494 1724 597 1773 this,
632 1723 817 1763 because
849 1718 994 1775 foivoc
1026 1723 1106 1760 has
1143 1721 1310 1769 always
1343 1717 1575 1768 preceding
1605 1715 1640 1753 it
1672 1723 1696 1751 a
1728 1707 1891 1750 vowel:
1926 1715 1974 1743 so

158 1788 498 1837 „ocvonovoigmv’‘.

271 1856 334 1895 En
368 1867 520 1897 verum
562 1860 799 1907 repertum.
843 1859 901 1896 At
942 1856 1134 1896 multum
1173 1855 1284 1894 afuit
1326 1855 1375 1892 ut
1405 1853 1542 1891 vivax
1572 1851 1652 1888 hoc
1685 1854 1833 1886 semen
1867 1850 1973 1880 mox

155 1924 374 1963 inveniret
421 1925 563 1964 solum
612 1926 656 1963 in
698 1935 781 1972 quo
823 1924 994 1962 radices
1035 1933 1163 1971 agere
1204 1923 1367 1971 posset.
1410 1920 1514 1958 Post
1553 1915 1765 1956 tredecim
1798 1910 1974 1959 quidem

155 2000 291 2030 annos
337 1991 562 2031 Bentleius
609 1994 724 2041 cepit
770 1991 1003 2030 consilium
1051 1990 1230 2029 Homeri
1278 1988 1444 2035 edendi,
1493 1985 1567 2024 sed
1616 1983 1714 2022 aliis
1754 1976 1976 2018 laboribus

244 2150 264 2170 a
287 2140 412 2170 Verum
445 2142 562 2170 tamen
592 2140 683 2169 inest
704 2139 758 2168 his
782 2139 943 2168 Varronis
968 2137 1081 2167 verbis
1106 2137 1142 2166 L.
1170 2136 1208 2166 L.
1231 2134 1274 2164 VI
1297 2136 1378 2165 192:
1401 2143 1484 2170 „ver‚
1505 2132 1597 2170 quod
1616 2131 1719 2160 Iones
1740 2132 1798 2168 ρ’ῆρ
1819 2120 1976 2155 dicunt.''

156 2193 295 2223 Priscos
325 2193 415 2223 enim
447 2193 550 2222 Iones
572 2208 615 2213 ——
640 2194 674 2221 et
705 2191 747 2220 de
779 2189 1032 2222 recentioribus
1063 2198 1176 2219 sermo
1208 2197 1285 2218 esse
1315 2196 1382 2217 non
1406 2186 1520 2225 potuit.
1545 2202 1584 2206 —
1610 2189 1778 2221 quosnam
1804 2176 1980 2215 cogitabat

155 2245 261 2276 Varro
280 2246 366 2275 haec
385 2245 541 2275 scribens
561 2245 627 2274 nisi
648 2242 859 2274 Homerum?
879 2243 1053 2279 Quosnam
1075 2242 1226 2280 Trypho,
1247 2249 1325 2271 cum
1347 2248 1468 2270 sonum
1489 2250 1512 2276 f
1525 2239 1567 2268 iis
1582 2237 1704 2267 tribuit
1717 2230 1868 2265 παθλέξ.
1881 2229 1900 2268 ξ
1915 2228 1977 2259 11?

157 2299 282 2328 Verum
314 2297 479 2328 indicavit
511 2299 614 2327 etiam
639 2296 827 2334 Dionysius
851 2296 1131 2326 Halicarnassius
1158 2296 1235 2324 Ant.
1268 2294 1365 2324 Rom.
1396 2293 1412 2323 1
1439 2293 1479 2322 20
1507 2291 1526 2330 ξ
1553 2292 1589 2320 3:
1617 2281 1886 2325 ,σύνηθεσ...ἧν
1910 2287 1977 2311 tolo

156 2352 304 2390 ἆρχαίοισ
321 2351 466 2389 ’Ἕλλησιν
489 2352 532 2380 ὡσ
557 2351 594 2380 τὰ
616 2352 716 2379 πολλὰ
740 2350 924 2388 προτιθέναι
951 2354 1008 2378 τῶν
1033 2350 1200 2384 ὀνομάτων,
1224 2348 1348 2376 ὁπόσων
1372 2348 1403 2375 αἱ
1427 2345 1523 2385 ἀρχαὶ
1548 2343 1609 2373 ἀπὸ
1631 2341 1811 2381 φωνηέντων
1832 2338 1979 2378 ἐγίνοντο,

159 2408 212 2444 τὴν
247 2404 285 2436 ὂῧ
315 2408 469 2446 συλλαβὴν
500 2407 542 2436 ἑνὶ
576 2410 733 2445 στοιχείωι
764 2406 974 2445 γραφομένην.
1006 2409 1097 2433 τοῦτο
1128 2404 1162 2433 δὲ
1197 2400 1231 2440 ἦν
1264 2404 1366 2443 ὥσπερ
1396 2404 1506 2440 γάμμα
1538 2401 1657 2430 διτταῖσ
1690 2397 1738 2427 ἐπὶ
1772 2398 1845 2432 μίαν
1878 2390 1978 2431 ὀρθὴν

159 2461 410 2497 ἐπιζευγνύμενον
440 2465 510 2489 wia
541 2462 697 2495 πλαγίοισ,
728 2460 772 2488 ὡσ
802 2459 912 2496 ,μελίνη
943 2458 992 2487 καὶ
1023 2456 1125 2494 [ἅναξ
1149 2456 1199 2486 καὶ
1222 2461 1335 2493 [οἰκοσ
1360 2456 1409 2484 καὶ
1435 2465 1536 2494 futen*
1559 2454 1609 2483 καὶ
1632 2451 1731 2481 πολλὰ
1756 2445 1911 2477 τοιαῦτα.”
1939 2443 1979 2473 In

160 2520 306 2550 quorum
348 2511 650 2549 grammaticorum
692 2511 807 2541 verbis
850 2511 878 2540 si
914 2518 976 2548 pro
1010 2508 1142 2539 Ionibus
1173 2508 1227 2538 vel
1256 2507 1373 2547 priscis
1405 2505 1533 2536 Graecis
1566 2504 1729 2535 scribitur
1760 2499 1929 2532 Homerus,
1959 2503 1977 2524 Θ

160 2566 310 2595 Varrone
334 2565 388 2594 vel
411 2562 576 2601 Dionysio
601 2563 641 2593 fit
666 2562 854 2593 Bentleius.
880 2562 978 2598 Quod
1004 2564 1116 2591 autem
1142 2561 1176 2590 in
1200 2560 1355 2597 Dionysii
1376 2559 1490 2589 verbis
1511 2558 1626 2587 allatis
1646 2552 1850 2593 scripsimus
1868 2551 1979 2589 fuerim

156 2618 193 2648 id
212 2625 394 2656 perperam
415 2616 580 2646 traditum
602 2618 655 2645 est
678 2619 790 2655 μανήρ,
814 2616 866 2645 vel
889 2618 973 2654 ,ραήρ
998 2623 1086 2652 quae
1109 2621 1211 2643 voces
1234 2620 1424 2650 numquam
1449 2621 1467 2641 a
1491 2619 1575 2641 sono
1593 2621 1616 2648 f
1641 2608 1847 2647 coeperunt3
1871 2598 1980 2632 nomi-

159 2669 296 2701 nativus
332 2672 435 2709 ,ραρήν
473 2677 551 2698 vero
585 2668 668 2698 alibi
702 2677 721 2698 a
754 2666 991 2705 grammaticis
1029 2668 1317 2696 commemoratus
1350 2667 1404 2694 est
1434 2668 1468 2694 et
1497 2666 1591 2694 extat
1621 2663 1722 2692 inser.
1756 2660 1846 2690 Cret.
1881 2655 1979 2685 4964.

289 2722 306 2752 b
329 2721 521 2757 Eichstiidt,
539 2719 653 2750 Wolfii
672 2723 834 2757 sectator,
854 2722 888 2750 in
908 2720 1107 2749 recensione
1132 2719 1274 2749 Homeri
1296 2716 1480 2756 Heyniani,
1505 2718 1630 2746 Jenser
1649 2709 1981 2745 Litteraturzeitung

161 2776 257 2809 1803,
290 2776 366 2813 263,
394 2774 556 2804 laudatus
581 2782 600 2802 a
623 2773 823 2803 Ludwiehio
848 2774 950 2802 Arist.
975 2773 1009 2802 II
1034 2773 1109 2802 285.
1245 2781 1261 2801 c
1283 2769 1450 2801 Remarks
1473 2778 1566 2808 upon
1589 2777 1608 2798 a
1634 2768 1703 2797 late
1734 2766 1920 2794 Discourse
1945 2758 1982 2787 of

161 2826 405 2865 Freethinking
432 2826 487 2865 [A.
518 2824 663 2864 Collins]
694 2826 739 2864 by
767 2826 1047 2856 Phileleutherus
1077 2823 1282 2863 Lipsiensis,
1315 2824 1410 2854 1713.
1444 2823 1539 2853 Inter
1571 2821 1637 2851 alia
1665 2817 1810 2854 Bentley
1841 2813 1982 2851 scripsit

151 2880 302 2911 *Iliadem
326 2883 361 2909 et
380 2880 568 2917 Odysseam
589 2879 632 2908 ad
651 2879 876 2909 delectandos
897 2879 989 2908 viros
1008 2878 1226 2915 feminasque
1245 2877 1378 2907 nobiles
1399 2876 1609 2914 compositas
1629 2881 1703 2902 esse
1718 2880 1736 2900 a
1749 2873 1826 2899 vate
1842 2865 1981 2904 ingenio

159 2931 271 2970 magis
297 2941 401 2970 quam
424 2932 549 2970 opibus
572 2932 742 2961 affluenti:
769 2940 873 2969 „poor
895 2932 1044 2961 Homer.
1059 2954 1087 2961 ..
1113 2934 1217 2961 wrote
1241 2940 1260 2960 a
1282 2930 1404 2968 sequel
1428 2930 1465 2958 of
1484 2936 1590 2965 songs
1615 2925 1682 2955 and
1704 2921 1919 2961 rhapsodias,
1946 2921 1980 2947 t0

158 2985 222 3020 „be
256 2991 345 3022 sung
378 2984 424 3021 by
454 2984 599 3014 himself
628 2984 681 3014 for
711 2984 812 3013 small
844 2984 1004 3021 earnings
1035 2983 1101 3012 and
1130 2983 1222 3021 good
1251 2983 1365 3018 cheer,
1389 2984 1424 3011 at
1444 2980 1600 3010 festivals
1626 2978 1692 3008 and
1716 2976 1815 3007 other
1838 2973 1922 3010 days
1945 2970 1982 3000 of

158 3037 395 3073 „merriment3
442 3037 500 3066 the
536 3036 625 3066 Iliad
661 3037 704 3066 he
739 3036 840 3066 made
877 3037 929 3066 for
964 3037 1023 3066 the
1058 3044 1147 3072 men,
1183 3036 1250 3065 and
1287 3035 1346 3065 the
1382 3033 1545 3071 Odysseia
1579 3033 1631 3062 for
1665 3031 1724 3060 the
1757 3028 1856 3059 other
1887 3024 1979 3054 eex''·

289 3087 312 3118 d
334 3089 574 3127 Cantabrigiae
604 3088 640 3118 in
672 3089 889 3119 Bibliotheca
920 3087 1064 3126 Collegii
1095 3089 1288 3127 Trinitatis,
1308 3088 1406 3117 cuius
1425 3087 1537 3116 rector
1556 3083 1701 3120 Bentley
1721 3082 1788 3112 fuit
1808 3088 1917 3117 usque
1938 3076 1980 3106 ad

160 3142 316 3175 mortem,
337 3149 414 3170 cum
436 3142 559 3171 ceteris
579 3140 655 3171 eius
678 3141 815 3171 schedis
837 3141 1086 3180 manuscriptis
1109 3143 1316 3171 asservatur.
