2234 3443
233 170 318 208 280
760 179 815 207 nn
847 177 1206 207 CONFORMATIONE
1238 177 1516 207 PRAEsnmrs.
1756 171 1794 215 [ἓ
1831 171 1926 219 145,
1963 172 2046 210 146

230 293 371 343 ἱστᾶσι,
411 293 581 343 δίδουσι,
620 292 802 344 ρήγνῡσι,
839 290 1016 329 similia.
1061 290 1266 329 Fortasse
1307 292 1458 329 tamen
1500 291 1641 330 satius
1682 294 1749 331 est
1780 292 1824 331 in
1857 293 2047 333 editione

230 361 438 399 hodierna
484 360 696 399 traditum
742 359 973 397 accentum
1019 358 1219 396 tolerare.
1267 358 1388 396 Idem
1435 358 1601 397 dictum
1651 361 1746 398 esto
1793 359 1844 398 de
1879 361 2050 408 perfecti

231 428 278 465 3a
323 436 507 476 persona
552 426 707 475 plurali
754 425 890 463 simili
936 424 1065 463 modo
1112 424 1409 463 conformata:
1457 423 1644 475 ἔστα-νη,
1688 424 1912 476 τέθνα-ντι,
1955 428 2049 466 sive

229 492 361 532 ἑστᾶσι
387 496 430 532 et
457 497 623 531 τεθνᾶσι
651 493 718 532 vel
747 493 892 542 potius
918 490 1050 530 ἕστᾶσι
1077 493 1119 530 et
1146 490 1354 530 τέθνᾶσια.
1383 492 1518 541 Saepe
1535 493 1600 531 sic
1618 496 1816 532 errarunt
1835 495 2007 533 veteres
2019 491 2048 533 b.

349 560 511 599 Suffixo
552 560 817 608 metaplasto
855 562 1045 604 -(6)oevu⁶
1082 559 1175 597 sive
1212 569 1310 607 -ᾶσι,
1339 560 1453 607 quod
1484 560 1526 598 in
1560 560 1831 599 athematica
1863 561 2051 600 flexione

232 629 384 676 postea
413 628 626 676 regnavit,
661 627 781 676 epica
813 626 944 665 dictio
978 627 1046 664 est
1078 636 1158 664 usa
1190 626 1233 664 in
1267 626 1388 665 verbi
1419 625 1496 664 εἰσί
1524 627 1665 665 forma
1694 627 1832 666 altera
1859 624 1983 666 ἔᾶσκί
2009 632 2052 667 et

233 696 276 733 in
310 695 428 734 verbi
461 690 539 744 εἶμι
572 695 620 733 3³
651 704 839 743 persona
869 693 978 743 plur.
1012 692 1133 741 ἴᾶσιθ,
1165 703 1244 732 nec
1276 703 1362 732 non
1395 694 1439 732 in
1471 695 1652 743 perfecti
1684 694 1840 733 formis
1872 695 2053 745 βεβάᾶσι,

235 762 419 810 μεμάᾶσι,
451 761 563 800 aliis.

1001 1091 1204 1132 CAPUT
1234 1091 1290 1132 v.

698 1210 800 1261 DE
838 1210 1114 1262 FORMIS
1149 1211 1590 1263 ITERATIVIS.

357 1348 384 1402 ἓ
419 1348 518 1392 146.
560 1351 885 1389 Incrementum
926 1362 1027 1399 -σκ-,
1066 1361 1149 1399 quo
1187 1351 1479 1400 complurium
1511 1353 1743 1391 verborum
1775 1362 1984 1401 praesens
2014 1354 2059 1392 et

239 1418 548 1466 imperfectum
576 1418 730 1457 ornata
766 1419 868 1456 sunt
886 1416 916 1467 f,
949 1420 1175 1467 praeterea
1208 1419 1449 1458 multorum
1481 1420 1704 1459 indicativo
1735 1420 1961 1469 imperfecti
1990 1419 2060 1459 vel

239 1485 384 1524 aoristi
413 1485 456 1523 in
489 1485 756 1524 carminibus
788 1485 922 1533 epicis
953 1486 1177 1525 invenitur
1209 1486 1421 1526 additum.

358 1551 610 1591 Cuiusmodi
657 1552 898 1591 formarum
942 1553 1172 1602 pleraeque
1217 1564 1303 1592 non
1350 1554 1436 1592 nisi
1481 1553 1619 1593 semel
1665 1555 1912 1602 iterumque
1957 1556 2061 1593 sunt

240 1622 488 1668 usurpatae,
520 1630 595 1668 pro
626 1630 672 1659 re
704 1621 809 1659 nata
839 1621 956 1659 enim
987 1620 1122 1660 libere
1146 1620 1436 1669 fingebantur.
1463 1622 1730 1669 Frequentes
1756 1624 1861 1661 sunt
1884 1621 2058 1661 termini

240 1694 372 1733 -σκον,
395 1696 520 1736 -σκεσ,
544 1685 705 1738 -σκε(ν),
724 1699 870 1738 -σκετο,
894 1699 1070 1737 -σκοντο,
1091 1689 1177 1727 rari
1197 1697 1388 1737 -σκομενθ
1418 1692 1461 1728 et
1486 1701 1596 1727 -σκεο
1611 1685 1648 1736 lz3
1677 1689 1751 1728 alii
1776 1699 1861 1728 non
1890 1690 2058 1733 extant,

360 1751 576 1793 Iterativae
622 1758 835 1795 vocantur
879 1756 961 1795 hae
1005 1756 1186 1806 formae,
1236 1757 1337 1804 quia
1383 1757 1547 1795 multae
1593 1757 1798 1795 iteratam
1845 1757 2062 1795 actionem

242 1818 504 1870 significant,
537 1831 605 1861 ex.
639 1833 724 1870 gr.:

598 1886 725 1927 ἄλλοτ’
761 1886 1019 1939 ἐπηΐξασκε
1049 1889 1148 1928 κατὰ
1180 1891 1326 1941 μόθον,
1355 1889 1491 1929 ἄλλοτε
1524 1887 1558 1928 δ’
1596 1884 1688 1928 αὖτε

597 1953 780 1997 ’στάσκε
811 1958 908 2009 μέγα
937 1958 1118 2010 ἀει-λεάχων
1132 1955 1156 1998 i.

362 2021 616 2072 Complures
654 2026 803 2064 tamen
846 2026 1000 2065 formis
1039 2025 1198 2065 suffixo
1236 2038 1320 2063 -σκ-
1353 2025 1602 2065 carentibus
1633 2026 1737 2064 sunt
1766 2032 2063 2072 synonymae:

245 2100 313 2128 ex.
346 2100 409 2138 gr.
443 2085 568 2140 ἧσκον
594 2094 636 2131 et
662 2087 757 2143 ἧσκε
783 2094 970 2132 actionis
995 2094 1180 2133 iteratae
1208 2094 1277 2133 vel
1294 2094 1539 2142 ingruentis
1557 2093 1766 2131 indicium
1785 2101 1869 2131 non
1888 2091 2062 2139 habent,

245 2157 320 2196 sed
351 2158 467 2196 idem
500 2159 647 2198 valent
683 2161 795 2208 quod
827 2155 879 2211 ἦα
911 2163 955 2200 et
986 2155 1056 2210 ἦεν
1088 2162 1182 2200 sive
1213 2172 1344 2211 eram,
1376 2157 1511 2200 eratj.

363 2224 548 2264 Nomine
592 2228 742 2266 autem
788 2228 880 2267 solo
919 2228 1163 2268 disiunctae
1203 2231 1306 2267 sunt
1345 2229 1397 2267 ab
1427 2226 1712 2277 inchoativisk‚
1746 2229 1789 2266 et
1819 2235 1948 2265 caeca
1977 2225 2067 2263 fors

247 2291 391 2330 effecit
437 2294 485 2331 ut
528 2294 639 2334 aliae
684 2296 776 2346 hoc,
819 2297 930 2335 aliae
971 2296 1045 2335 illo
1086 2297 1264 2336 nomine
1303 2297 1648 2344 designarentur.
1699 2295 1777 2335 Ex,
1820 2305 1883 2343 gr.
1923 2292 2066 2343 ἕβασκε

246 2359 547 2400 inchoativum
589 2363 759 2412 dicitur,
802 2364 902 2412 quia
942 2364 1189 2412 praesentis
1229 2365 1442 2414 temporis
1483 2366 1639 2402 extant
1673 2363 1840 2402 formae
1872 2360 1994 2412 βάσκε
2022 2361 2066 2398 et

246 2425 542 2478 -βασκέιιεναιῑ,
579 2430 834 2469 iterativum
875 2441 977 2470 vero
1018 2432 1141 2470 audit
1171 2430 1315 2480 εἴασκε,
1343 2432 1443 2478 quia
1473 2441 1680 2479 praesens
1716 2428 1872 2468 ἐάσκειν
1903 2429 1945 2466 in
1979 2436 2065 2465 car-

248 2494 440 2533 minibus
472 2506 580 2543 quae
605 2498 657 2536 ad
682 2508 761 2537 nos
787 2501 1079 2546 pervenerunt
1102 2509 1188 2537 non
1216 2501 1284 2537 est
1308 2500 1580 2547 usurpatum.
1603 2498 1711 2536 Utro
1727 2498 1873 2536 autem
1890 2496 2066 2535 nomine

248 2562 565 2610 designandum
608 2567 674 2602 est
720 2564 899 2612 ἕφασκεὶ)
941 2566 1255 2605 Iterativumne
1285 2566 1368 2604 fuit
1396 2565 1553 2614 priscis
1581 2566 1734 2614 poetis,
1768 2564 2066 2602 inchoativum

250 2638 351 2668 vero
385 2651 437 2657 —-
461 2630 537 2669 sed
564 2631 658 2670 sine
683 2633 858 2672 notione
885 2634 1070 2672 actionis
1094 2633 1323 2672 inchoatae
1348 2655 1399 2661 —-
1419 2633 1673 2671 recentioris
1689 2632 1786 2670 aevi
1802 2630 2065 2678 hominibus,

250 2707 350 2736 cum
382 2698 516 2736 etiam
549 2699 717 2746 φάσκειν
744 2702 787 2744 et
812 2699 978 2747 φάσκων
1005 2700 1289 2739 dicebantur?
1317 2700 1489 2739 Similia
1514 2699 1698 2738 conferri
1715 2700 1898 2748 possunt
1914 2697 2067 2736 multa.

369 2765 584 2813 Stirpibus
615 2766 658 2804 in
689 2767 867 2805 vocalem
893 2767 1192 2806 desinentibus
1217 2766 1427 2806 suffixum
1453 2767 1706 2805 iterativum
1734 2767 1796 2804 sic
1811 2765 2070 2814 simpliciter

251 2833 535 2880 iungebatur;
569 2843 637 2873 ex,
670 2844 756 2882 gn:

340 2984 359 3002 α
385 2972 400 3011 §
427 2975 501 3003 160.
679 2973 695 3002 Ι)
720 2973 779 3003 Ex.
804 2982 854 3011 gr.
877 2974 1002 3010 ὰγᾰσθε
1026 2982 1088 3011 pro
1112 2973 1237 3010 ἄγασθε
1263 2971 1278 3011 §
1307 2970 1397 3008 305¹,
1421 2981 1500 3010 pag.
1526 2972 1566 3001 33
1581 2982 1610 3001 a.
1786 2980 1802 3000 c
1826 2970 1882 3000 Sic
1907 2970 2061 3006 curtius;

253 3025 436 3055 oblocutus
459 3029 512 3055 est
535 3026 707 3063 G.Meyer.
896 3025 919 3055 d
940 3024 1106 3055 Primitus
1130 3027 1258 3060 iia-am,
1284 3024 1300 3063 §
1325 3026 1400 3055 302.
1590 3033 1606 3054 e
1629 3024 1794 3054 Primitus
1817 3024 1921 3057 ἴ-αντι,
1947 3020 1962 3060 ξ
1989 3023 2064 3052 308.

387 3077 444 3116 f§
471 3080 543 3108 140.
707 3088 728 3117 ρ
754 3081 767 3107 a
795 3079 870 3108 512.
1039 3077 1059 3107 Ιι
1083 3081 1114 3107 x
1139 3079 1203 3107 433
1229 3078 1259 3107 Ω
1286 3079 1360 3107 730.
1528 3076 1540 3106 ι·
1564 3080 1591 3106 Σ
1614 3077 1675 3106 159
1701 3085 1752 3113 sq.
1909 3073 1931 3113 j
1954 3075 2064 3104 Multo

254 3130 366 3159 rarius
388 3134 440 3159 est
465 3127 557 3167 ἦσκον
581 3139 683 3168 quam
709 3128 746 3167 ἦα
765 3129 888 3170 (11118),
914 3127 986 3167 {yon
1008 3138 1109 3167 quam
1134 3127 1183 3167 ἦεν
1206 3130 1307 3175 (ilfi).
1464 3128 1484 3158 lc
1506 3127 1522 3167 §
1550 3130 1624 3158 140.
1780 3126 1793 3156 l
1814 3126 1829 3165 ξ
1857 3127 1931 3156 202.
