2234 3443
145 263 168 308 5
200 261 272 306 40]
903 267 957 295 DE
991 266 1208 295 CONSONIS.
1878 254 1957 292 131

265 383 401 422 Suum
442 382 585 420 locum
629 381 852 429 digamma
892 379 1081 418 obtinuit
1122 380 1165 418 in
1206 379 1404 418 abcdario
1440 378 1620 424 Amorgi
1661 379 1876 425 repertoa,
1921 380 1964 416 et

148 452 201 491 ad
243 451 358 489 hunc
399 459 534 497 usque
575 448 689 486 diem
734 447 900 486 obtinet
940 447 1055 485 inter
1089 447 1215 493 signa
1255 445 1484 484 nominum
1518 444 1827 491 numeralium;
1860 454 1962 482 nam

147 537 217 567 sex
248 527 408 566 Graece
439 524 644 564 scribitur
676 517 703 573 ξ
735 523 829 561 sive
860 518 900 574 ῥ.

265 595 314 632 In
355 592 638 640 inscriptione
679 590 854 629 saeculo
885 589 942 625 V0
975 589 1171 627 oratione
1203 587 1349 626 soluta
1382 588 1603 635 concepta,
1637 597 1768 633 quam
1800 587 1969 625 homini

147 662 357 710 Rhegino,
389 670 444 699 ex
475 658 825 698 Chalcidensium
853 657 987 705 igitur
1014 655 1183 694 colonia
1208 654 1405 702 oriundo,
1433 653 1577 693 deberi
1603 659 1782 702 apparet
1800 654 1969 692 collatis

146 728 406 776 quibusdam
449 725 593 764 verbis
625 720 875 772 Herodoti⁶‚
913 723 1140 771 leguntur:
1173 720 1346 773 foenicuv
1379 719 1420 758 ἐν
1457 720 1595 771 Τεγέκι
1627 723 1693 760 et:
1727 719 1825 758 ὄσσα
1855 728 1967 773 μισ.

148 795 396 844 Sequuntur
437 797 584 833 autem
626 791 839 831 vocabula
873 794 992 828 θεαῑσ
1021 790 1184 838 noiomo,
1214 799 1298 828 non
1331 798 1439 837 pura
1469 789 1602 837 igitur
1631 789 1733 827 Iade
1766 791 1834 827 est
1864 799 1970 828 usus

147 864 220 911 qui
260 864 367 902 haec
407 861 672 910 perscripsit.
717 859 985 908 Quapropter
1026 858 1146 896 fuere
1187 858 1260 904 qui
1300 859 1513 904 negarent
1552 856 1615 894 illi
1656 856 1784 895 titulo
1816 857 1858 895 in
1891 858 1970 896 hac

147 930 401 978 quaestione
433 929 668 976 quidquam
700 925 979 965 tribuendum
1013 935 1110 963 esse
1123 921 1155 962 α’.
1189 924 1270 962 Sed
1305 925 1527 961 maximae
1560 920 1768 961 utilitatis
1795 924 1847 961 ad
1874 935 1971 963 eam

147 996 404 1034 solvendam
451 995 657 1033 dicendus
699 997 767 1033 est
813 994 971 1042 potius,
1020 993 1144 1031 docet
1187 991 1304 1030 enim
1348 992 1391 1028 in
1432 991 1691 1037 quibusdam
1725 991 1973 1038 regionibus

149 1073 307 1102 sonum
351 1077 377 1099 n
419 1061 651 1109 aliquando
694 1062 828 1100 simul
870 1071 969 1100 cum
1003 1070 1109 1098 sono
1140 1070 1178 1097 w
1210 1059 1418 1105 vixissee,
1454 1058 1496 1096 id
1530 1060 1673 1105 ipsum
1700 1058 1833 1105 igitur
1859 1060 1971 1106 quod

147 1133 192 1170 et
222 1130 417 1170 carmina
446 1129 568 1177 epica
599 1132 831 1168 testantur.

265 1197 497 1236 Praeterea
535 1197 727 1236 litteram
770 1197 993 1245 digamma
1035 1194 1243 1233 exhibent
1287 1194 1465 1232 nomina
1495 1191 1690 1244 Ofonius,
1724 1192 1815 1236 Έιώ,
1845 1193 1975 1240 Γᾶρυ-

147 1265 294 1318 ρόυκσ.
337 1264 580 1316 Ἀγασίλκρο,
622 1275 732 1313 quae
782 1265 942 1302 litteris
984 1262 1240 1301 Chalcidicis
1286 1262 1331 1299 in
1379 1261 1498 1299 vasis
1544 1260 1814 1308 perantiquis
1859 1261 1975 1308 picta

149 1336 254 1372 sunt
285 1333 400 1371 inter
431 1332 602 1371 Ionicae
635 1332 810 1370 dialecti
843 1331 1026 1370 nomina
1058 1331 1222 1375 Ἀντίκσ,
1258 1328 1404 1379 Φοίβη,
1437 1330 1646 1367 Ἀθηναίη,
1679 1325 1805 1365 alias.

268 1400 456 1439 Dubium
487 1401 622 1448 igitur
648 1409 735 1437 non
762 1402 829 1438 est
857 1399 958 1446 quin
987 1407 1177 1436 consona
1203 1406 1289 1434 vau
1307 1396 1358 1434 ab
1377 1394 1716 1434 Atheniensibus
1736 1395 1975 1442 ceterisque

150 1467 330 1506 Ionibus
372 1467 615 1515 antiquitus
648 1469 689 1505 et
722 1466 1004 1514 pronuntiata
1040 1465 1202 1503 fuerit9
1240 1467 1283 1502 et
1315 1464 1440 1511 signo
1475 1473 1554 1501 suo
1587 1463 1631 1500 in
1664 1462 1838 1510 scriptis
1869 1463 1975 1502 indi-

150 1537 262 1574 cata.
296 1535 361 1573 Ad
394 1534 636 1573 Homerum
669 1536 817 1572 autem
847 1537 894 1572 ut
918 1533 1164 1580 redeamus,
1192 1531 1469 1579 grammatici
1497 1530 1796 1577 Alexandrini,
1821 1530 1976 1577 quibus

150 1602 384 1641 notissima
413 1602 497 1640 fuit
527 1602 633 1641 haec
665 1611 857 1640 consona
883 1611 904 1639 e
932 1599 1200 1639 carminibus
1225 1600 1452 1646 poetarum
1480 1594 1778 1645 Aeoliorumh,
1808 1598 1974 1637 nullam

152 1670 243 1708 vim
291 1669 330 1708 ei
377 1669 625 1708 tribuerunt
673 1669 715 1707 in
758 1669 877 1717 poesi
927 1668 1071 1716 epica;
1107 1666 1314 1705 carebant
1355 1666 1489 1713 igitur
1523 1666 1648 1713 signo
1689 1680 1718 1716 f
1751 1665 1977 1714 exemplar

150 1737 303 1776 Iliadis
336 1737 388 1776 ab
415 1737 681 1776 Antimacho
709 1735 986 1784 Colophonio,
1014 1735 1210 1773 Platonis
1235 1733 1418 1782 aequali,
1448 1733 1731 1771 emendatum
1759 1734 1976 1780 ceterique

148 1804 249 1843 libri
296 1805 474 1851 vetusti,
523 1803 680 1851 quibus
726 1804 788 1842 illi
833 1806 939 1842 sunt
985 1803 1054 1841 usi
1097 1802 1149 1841 ad
1198 1804 1374 1840 textum
1417 1803 1531 1839 recte
1580 1798 1975 1840 constituendumi.

150 1871 261 1920 Ergo
293 1872 566 1920 exemplaria
597 1872 722 1920 signo
754 1886 783 1923 f
811 1876 964 1909 ornata
997 1872 1072 1908 aut
1104 1869 1224 1908 nulla
1256 1869 1432 1907 fuerunt
1458 1877 1651 1914 unquam
1680 1868 1755 1905 aut
1785 1889 1836 1894 -
1867 1868 1979 1914 quod

150 1948 303 1978 verum
336 1935 541 1978 videturj
574 1961 626 1967 —
661 1938 766 1977 olim
814 1938 987 1986 quidem
1030 1937 1220 1984 fuerunt,
1265 1936 1340 1974 sed
1373 1935 1634 1973 interierunt
1668 1937 1769 1973 ante
1802 1934 1977 1973 illorum

151 2007 541 2054 grammaticorum
575 2008 782 2046 aetatem.

271 2073 362 2122 Qua
404 2075 447 2112 in
488 2084 533 2112 re
575 2073 879 2122 perpendenda
910 2073 1061 2120 magni
1092 2071 1305 2110 momenti
1336 2071 1442 2108 sunt
1472 2070 1669 2108 carmina
1699 2069 1897 2108 Pindari.
1929 2070 1979 2108 In

153 2141 322 2180 Boeotii
363 2142 494 2181 huius
534 2144 689 2190 poetae
730 2151 804 2179 ore
845 2150 982 2179 sonus
1017 2150 1054 2177 w
1085 2139 1275 2186 vivebat,
1310 2148 1439 2186 quem
1471 2138 1515 2175 in
1547 2136 1814 2175 carminibus
1846 2137 1897 2175 ab
1931 2147 1979 2176 eo

154 2215 240 2245 non
289 2217 384 2246 esse
431 2208 678 2256 neglectum
722 2210 942 2246 testantur
989 2203 1214 2252 numerik;
1262 2206 1387 2253 signo
1436 2206 1585 2242 autem
1627 2219 1658 2256 f
1702 2204 1903 2242 homines
1935 2205 1979 2242 in

157 2397 328 2419 marmore
352 2389 464 2419 denuo
486 2390 644 2428 inspecto
667 2387 831 2427 apparuit
856 2396 976 2417 revera
1003 2386 1134 2425 aliquid
1155 2385 1288 2420 deesse,
1302 2383 1440 2422 iamque
1452 2382 1589 2414 Bentlei
1602 2380 1846 2421 interpretatio
1859 2380 1982 2412 Atticis

157 2449 306 2478 quarum
339 2441 440 2472 modo
474 2443 600 2472 mentio
635 2442 726 2471 facta
755 2444 808 2471 est
832 2440 974 2470 vocibus
1007 2441 1124 2479 afindrp
1157 2441 1191 2467 et
1222 2439 1405 2475 vafvnqyda
1430 2438 1532 2466 etiam
1560 2436 1671 2473 magis
1696 2438 1748 2464 est
1772 2435 1983 2464 confirmata.

289 2502 310 2521 a
337 2491 424 2522 IGA.
456 2493 520 2522 390
533 2492 560 2522 b.
695 2493 711 2523 b
741 2494 815 2523 Ion.
847 2494 944 2527 5276,
974 2492 1063 2522 IGA.
1089 2491 1152 2521 532
1178 2498 1246 2528 sq.;
1272 2490 1314 2519 cf.
1339 2489 1503 2519 Herodot.
1529 2487 1592 2517 VII
1619 2489 1693 2521 170.
1718 2485 1863 2516 Pansan.
1888 2487 1915 2517 V
1940 2487 1980 2516 26

158 2544 178 2582 ξ
205 2547 236 2574 4.
369 2554 386 2574 c
409 2545 489 2575 Soni
511 2555 538 2574 w
563 2546 700 2584 signnm
725 2549 778 2576 est
805 2548 827 2581 [
853 2546 888 2575 in
910 2545 975 2575 hac
1000 2542 1239 2582 inscriptione.
1268 2542 1303 2571 in
1332 2542 1494 2572 abcdario
1518 2541 1618 2570 modo
1643 2542 1924 2574 commemorato,
1948 2540 1981 2568 in

161 2597 306 2628 Creticis
329 2597 440 2627 titulis
463 2599 711 2636 compluribus,
734 2597 770 2628 in
796 2598 927 2628 tabulis
950 2595 1255 2627 Heracleensibus.
1391 2594 1414 2624 d
1435 2594 1517 2624 Fick
1537 2594 1658 2631 Odyss.
1680 2594 1730 2623 10.
1866 2593 1982 2622 eItem

158 2650 285 2680 Lacon.
306 2650 404 2685 4405,
427 2659 505 2688 pag.
528 2651 590 2680 133
604 2650 631 2680 b.
768 2651 789 2684 f
807 2651 880 2680 Ion.
905 2651 1004 2685 5292,
1028 2650 1114 2679 5294
1139 2657 1204 2687 sq.;
1233 2656 1321 2685 qnae
1347 2656 1425 2677 vasa
1449 2656 1490 2677 ex
1514 2647 1601 2676 urbe
1625 2645 1760 2676 Himera
1782 2644 1983 2683 provenisse

163 2703 362 2741 suspicatus
393 2705 446 2732 est
468 2701 550 2732 Fick
573 2703 695 2741 odyss.
722 2705 760 2732 11
787 2705 929 2741 propter
952 2701 1058 2731 verba
1082 2700 1296 2738 Thucydidis
1319 2700 1347 2729 V
1372 2701 1389 2729 5
1415 2699 1603 2729 dialectum
1628 2699 1848 2728 Himeraeam
1871 2696 1986 2733 μεταξὺ

162 2760 220 2793 τῆσ
251 2766 282 2784 τε
301 2755 483 2784 Χαλκιδέων
503 2756 555 2784 καὶ
577 2756 722 2795 Δωρίὸοσ
746 2755 936 2795 κεκραμένην
959 2753 1120 2784 dicentis.
1146 2755 1188 2783 At
1210 2753 1387 2791 Rheginae
1412 2761 1550 2790 quoque
1574 2750 1724 2781 dialecto
1747 2748 1926 2789 proprium
1949 2749 1985 2779 id

163 2807 272 2837 fuisse
306 2807 407 2837 modo
441 2807 600 2843 viduum,
637 2812 671 2838 et
701 2808 780 2837 aliis
810 2809 919 2837 fuisse
950 2815 1031 2836 vero
1054 2806 1193 2836 videtur
1217 2805 1443 2835 simillimum.
1587 2814 1608 2843 9
1631 2803 1671 2833 In
1694 2802 1818 2833 Atticis
1841 2801 1984 2832 vocibus

162 2859 281 2894 ἄοινοσ,
316 2861 399 2897 ἐάγη,
433 2861 631 2899 ἂμφιέννῦμι.
666 2863 822 2900 ἐπίορκοσ,
856 2860 933 2889 aliis
969 2867 1159 2889 concursus
1193 2858 1363 2888 vocalium
1396 2858 1545 2886 testatur
1577 2863 1698 2885 sonum
1724 2866 1746 2892 f
1770 2852 1852 2884 olim
1876 2854 1983 2884 fuisse

162 2912 417 2947 intermissum;
443 2921 531 2950 quae
554 2912 690 2947 ἄνοινοσ,
715 2913 780 2950 ἤγη,
803 2912 989 2950 ἀμφὲννῦμι,
1012 2913 1148 2951 ἔφορκοσ
1172 2911 1320 2940 fuissent
1346 2909 1440 2939 dicta
1458 2909 1525 2938 nisi
1543 2907 1781 2946 prohibuisset
1793 2905 1846 2936 vis
1859 2905 1984 2936 soniw.

164 2963 263 2994 Idem
299 2964 400 2994 docet
432 2973 538 2994 sonus
573 2977 606 3003 -η
636 2973 759 2995 vocum
792 2964 917 3005 xo'p(f)ry
950 2967 983 2993 et
1005 2960 1154 3003 6ydo'(f)r1
1178 2971 1245 2992 non
1268 2962 1304 2992 in
1329 2964 1351 2992 ᾶ
1369 2963 1535 2992 mutatus.
1671 2959 1690 2988 Ιι
1711 2959 1752 2989 In
1775 2966 1983 2997 papyrorutn

165 3017 371 3055 fragmentis
403 3015 539 3055 signum
573 3029 597 3056 J:
632 3018 735 3047 etiam
770 3017 909 3054 legitur,
946 3019 980 3046 et
1010 3019 1165 3054 tempore
1195 3013 1364 3045 Hadriani
1386 3013 1535 3043 Balbilla
1559 3013 1594 3042 in
1617 3012 1719 3049 nugis
1742 3012 1814 3041 suis
1838 3010 1986 3041 dialecto

169 3068 310 3099 Aeolica
334 3069 513 3107 conceptis
534 3070 675 3108 scripsit
697 3081 736 3108 fe
760 3071 794 3100 et
816 3081 881 3107 foa.
905 3069 945 3099 In
970 3068 1087 3098 Alcaei
1106 3067 1213 3106 igitur
1231 3067 1461 3106 Sapphusque
1475 3063 1686 3095 editionibus
1699 3064 1869 3103 digamma
1882 3064 1984 3094 etiam

168 3122 250 3151 tune
274 3122 488 3152 exarabatur.
623 3122 636 3152 i
659 3123 742 3160 Pag.
767 3123 820 3151 20.
944 3120 966 3160 j
988 3121 1071 3158 Pag.
1094 3122 1156 3150 130
1169 3129 1195 3151 e.
1330 3118 1350 3148 k
1371 3118 1511 3148 vHartel
1531 3118 1578 3147 l.l.
1598 3118 1639 3147 83
1660 3125 1736 3154 sqq.
1752 3133 1790 3137 —
1805 3114 1894 3145 Ceus
1906 3124 1986 3146 vero

169 3176 271 3210 poeta
301 3174 532 3212 Bacchylides
561 3183 644 3205 sono
675 3186 698 3213 f
728 3183 795 3204 non
827 3177 879 3204 est
908 3182 1004 3210 usne,
1035 3174 1117 3203 licet
1146 3174 1182 3202 in
1213 3172 1356 3202 vocibus
1387 3173 1542 3209 Δάματρα
1566 3170 1750 3209 Ιοστέφανον
1772 3169 1826 3198 111
1850 3170 1880 3204 2,
1903 3179 1935 3198 τε
1959 3171 1987 3198 οἱ

171 3226 265 3257 XVII
286 3229 339 3264 18,
356 3228 415 3258 XX
435 3229 467 3265 9,
486 3231 538 3258 καί
557 3231 585 3258 οἱ
605 3229 647 3258 fr.
669 3230 685 3258 1
706 3227 852 3265 vestigia
871 3226 1040 3264 quaedam
1054 3226 1157 3256 huius
1169 3224 1245 3256 soni
1259 3226 1458 3263 appareant.
1472 3224 1521 3253 De
1533 3223 1629 3252 hiatu
1643 3224 1721 3252 ante
1734 3224 1851 3260 alpag.
1865 3222 1927 3251 133
1942 3221 1963 3250 i.
