2234 3443
131 137 154 183 5
185 137 257 182 40]
886 143 940 171 nn
972 142 1188 171 conscius
1864 133 1941 170 137

131 263 231 311 nio-101
243 269 277 310 a,
301 258 469 312 (ρεῖδόσ
495 254 565 311 (f')
583 255 632 296 οὔ
649 272 683 296 τι
701 257 860 310 (μηδών
875 254 1064 308 ὒ,”Έκτορ
1087 257 1258 310 (ρεῖδοσ
1283 255 1415 307 ἄριστε
1428 265 1456 305 ⁰,
1481 254 1523 294 ἐκ
1540 256 1613 307 γάρ
1631 259 1730 309 (ροι
1748 254 1900 307 φρένασ
1913 253 1948 305 d,

130 327 239 366 τοῖόν
271 331 370 380 (pot
409 331 489 377 πῦρ
525 321 684 364 ’aar-sve
724 327 767 364 et
797 325 972 373 saepius
1005 327 1108 364 ante
1141 324 1289 377 (pots.
1322 325 1463 364 Huius
1497 326 1644 363 autem
1676 324 1949 372 pronominis

129 405 236 434 sono
276 409 306 447 J:
345 394 391 432 in
432 393 580 432 dativo
621 392 889 440 singularem
932 392 1124 440 aliquam
1167 392 1303 431 fuisse
1340 393 1566 440 virtutem,
1610 400 1694 439 qua
1735 393 1947 439 cognatae

128 461 294 501 formae
319 475 383 514 fs,
406 463 544 513 femo,
568 458 697 512 fs'eev
722 460 953 508 caruerint,
983 460 1025 498 id
1052 458 1183 498 fidem
1213 462 1403 511 superat,
1430 480 1479 485 ——
1514 460 1559 497 et
1585 458 1654 497 vel
1680 458 1947 497 contrarium

129 529 420 569 demonstrari
446 530 591 577 potest
623 538 701 577 ope
729 528 839 567 artis
871 528 1131 576 statisticae,
1165 527 1202 566 si
1230 528 1339 566 satis
1371 528 1480 566 haec
1510 536 1582 565 ars
1608 526 1780 565 videtur
1806 526 1951 565 valere

130 597 184 636 ad
216 606 266 636 ea
297 596 639 636 demonstranda
671 606 780 644 quae
812 606 898 634 non
930 595 1020 634 sint
1050 595 1093 634 in
1127 605 1273 634 rerum
1305 598 1510 635 naturay.

246 663 311 703 Ab
354 663 580 712 analogiae
622 665 768 702 autem
810 665 933 711 parte
965 663 1050 711 legi
1082 663 1157 701 isti
1189 662 1298 702 nihil
1330 663 1497 702 accedit
1528 662 1746 711 praesidii.
1780 661 1883 699 Soni
1915 674 1948 698 ει

128 734 172 771 et
203 744 251 769 ου
284 741 441 770 vocum
474 731 618 778 ξεῖνοσ,
647 735 811 779 κοῦροσ,
840 730 969 778 κούρη
1002 739 1057 768 ex
1090 730 1198 781 gevf-
1231 732 1275 768 et
1305 744 1419 781 uopf-
1452 731 1657 768 natarum
1691 729 1734 767 in
1767 727 1948 767 Homeri

127 797 276 846 lingua
317 798 463 837 thesin
509 797 646 836 nihilo
687 798 831 836 rarius
872 796 1162 846 expleverunt
1203 807 1333 845 quarn
1375 794 1549 836 arsinlt:
1588 800 1712 835 estne
1746 795 1948 835 credibile

126 865 282 904 harum
323 875 480 904 vocum
523 874 681 904 sonum
721 879 751 916 f
792 864 954 912 liquido
996 874 1103 903 sono
1146 864 1288 903 vicino
1332 865 1585 913 absorptum
1618 864 1717 912 plus
1754 863 1949 911 viguisse

127 932 180 971 ad
227 931 403 971 brevem
448 932 644 971 vocalem
692 932 1013 980 producendam
1057 942 1189 979 quam
1232 932 1457 980 digamma
1497 932 1666 980 initiale,
1716 931 1826 979 quod
1869 939 1948 968 suo

128 999 261 1038 etiam
315 1000 407 1038 iure
463 1000 698 1038 utebatur?
757 999 864 1049 Quid
921 1002 1069 1038 autem
1117 1000 1168 1039 de
1215 1000 1347 1039 verbo
1395 999 1572 1038 δείδοικα
1620 999 1714 1037 sive
1762 997 1947 1050 ‹isdfoma

126 1067 423 1114 statuendum,
456 1068 581 1106 cuius
613 1067 784 1115 syllaba
815 1068 956 1116 prima
988 1077 1206 1115 nusquam
1241 1078 1326 1106 non
1361 1068 1404 1106 in
1441 1068 1556 1106 thesi
1588 1068 1685 1106 est?

244 1134 523 1173 Manifestum
570 1135 702 1183 igitur
750 1137 817 1174 est
858 1136 920 1173 rei
963 1135 1014 1174 ab
1058 1135 1324 1174 Hoffmanno
1366 1135 1582 1174 indicatae
1630 1133 1763 1172 aliam
1811 1132 1948 1171 fuisse

126 1211 320 1251 causam,
350 1203 531 1240 inventu
563 1204 711 1241 autem
744 1213 795 1241 ea
821 1213 954 1241 causa
981 1213 1066 1241 non
1094 1205 1162 1241 est
1189 1202 1391 1242 difficilis.
1422 1203 1534 1241 Nam
1562 1202 1606 1240 in
1635 1201 1724 1240 arsi
1751 1199 1948 1248 syllabae

124 1268 280 1308 breves
324 1269 482 1307 initiali
523 1279 630 1308 sono
675 1285 705 1321 f
746 1271 866 1309 vocis
908 1271 1134 1318 sequentis
1175 1281 1199 1308 a
1240 1272 1367 1318 poeta
1409 1270 1645 1318 productae
1686 1278 1739 1307 ne
1781 1267 1947 1306 omisso

123 1337 298 1385 quidem
346 1337 428 1375 hoc
473 1347 580 1375 sono
627 1346 756 1375 aures
804 1340 1079 1386 posterorum
1129 1347 1395 1386 magnopere
1442 1337 1690 1385 laedebant,
1739 1335 1947 1383 quoniam

125 1405 328 1453 plurimis
370 1405 617 1444 carminum
660 1406 883 1453 epicorum
926 1405 1033 1444 locis
1065 1405 1179 1443 arsis
1210 1405 1383 1452 syllaba
1415 1405 1536 1443 brevi
1570 1408 1636 1443 est
1668 1403 1857 1451 expleta,
1894 1423 1946 1429 ——

126 1473 268 1510 certas
310 1472 485 1520 quidem
532 1472 584 1510 ob
627 1482 796 1520 causas,
837 1473 911 1511 sed
952 1473 1061 1511 locis
1103 1466 1352 1520 plurimis&
1388 1474 1430 1511 in
1463 1472 1562 1510 thesi
1593 1482 1695 1510 vero
1728 1480 1828 1509 cum
1861 1479 1946 1507 non

127 1542 307 1588 possent
353 1550 439 1579 non
487 1540 715 1588 displicere
758 1540 952 1588 syllabae
992 1540 1148 1579 breves
1194 1550 1269 1588 pro
1313 1540 1454 1588 longis
1496 1539 1683 1586 habitae,
1733 1536 1947 1577 eiusmodi

124 1607 231 1646 locis
276 1608 395 1646 varia
436 1607 634 1646 adhibita
671 1610 775 1646 sunt
816 1608 1012 1646 remedia
1045 1629 1097 1635 -
1132 1608 1183 1646 ad
1227 1608 1501 1646 emendanda
1541 1617 1651 1655 quae
1688 1605 1947 1644 videbantur

126 1675 233 1714 vitia
265 1685 471 1714 versuum
515 1676 587 1722 qui
628 1677 671 1714 in
716 1677 945 1724 poetarum
990 1686 1062 1714 ore
1105 1676 1262 1714 vitium
1304 1685 1390 1714 non
1433 1676 1697 1714 sonuissent.
1732 1673 1869 1711 Voces
1900 1668 1948 1709 ὃσ

118 1738 256 1794 ’,μ-εῖδει
297 1743 430 1781 etiam
467 1745 699 1791 postquam
733 1743 957 1791 digamma
989 1743 1209 1781 obmutuit
1240 1742 1466 1781 tolerabile
1499 1751 1652 1781 versus
1684 1740 1857 1779 initium
1895 1760 1940 1765 —

126 1819 212 1849 non
229 1810 472 1849 efficiebant
489 1811 676 1859 quidem,
697 1811 773 1850 sed
790 1811 958 1850 efficere
977 1809 1273 1859 videbanturj,
1304 1821 1413 1859 quae
1432 1820 1533 1848 vero
1560 1810 1688 1857 poeta
1704 1807 1945 1846 cecinerat:

362 1875 452 1915 οὔτε
482 1881 591 1916 θεῶν
623 1878 815 1927 πρότεροσ
847 1877 915 1916 τὸν
946 1878 1123 1930 ,ρείσεται
1155 1875 1233 1916 οὔτ’
1270 1874 1534 1926 ἀνθρώπωνῖί

125 1955 152 1984 a
181 1945 437 1993 posterioris
469 1946 567 1984 aevi
598 1945 848 1985 hominibus
880 1947 1066 1985 recitata
1099 1948 1140 1985 et
1174 1947 1338 1994 scripta
1370 1947 1473 1984 sunt
1504 1944 1572 1982 τόν
1603 1939 1633 1994 γ’
1670 1940 1826 1989 εἴσεται,
1857 1941 1951 1978 sive

125 2012 255 2050 metri
297 2021 430 2050 causa
469 2013 636 2052 inserta
678 2015 746 2052 est
783 2013 938 2052 vocula
979 2028 1034 2064 ys,
1066 2014 1162 2051 sive
1199 2013 1392 2061 priscum
1426 2012 1604 2060 signum
1640 2012 1677 2046 F
1703 2019 1728 2048 a
1759 2007 1952 2047 librariis

124 2089 210 2118 non
242 2079 441 2128 agnitum
474 2081 517 2118 in
550 2081 587 2118 Γ
614 2081 720 2119 abiit
734 2078 758 2119 l.
792 2081 1018 2119 Metricam
1055 2091 1154 2119 vero
1188 2081 1381 2128 aliquam
1415 2080 1558 2127 legem
1594 2077 1819 2116 obstitisse
1849 2084 1947 2122 quo-

213 2255 233 2274 a
254 2245 335 2275 Hes.
367 2245 454 2283 Glip.
486 2245 538 2274 54.
570 2243 795 2274 Accusativus
818 2249 872 2281 -ῆα
896 2253 963 2273 non
988 2245 1054 2274 fnit
1078 2245 1163 2274 artis
1190 2246 1359 2283 vetustae,
1385 2242 1517 2273 initiale
1540 2243 1645 2279 igitur
1669 2241 1844 2277 digamma
1870 2239 1949 2274 post

125 2297 300 2328 obmutuit
322 2306 425 2335 quarn
451 2297 587 2327 vocales
611 2297 724 2335 -a(f)a-
749 2297 997 2327 confluxerunt.
1145 2297 1160 2326 b
1187 2298 1267 2327 Hes.
1294 2298 1334 2327 fr.
1360 2294 1443 2326 94³⁸.
1590 2304 1606 2324 c
1632 2297 1658 2323 Ρ
1681 2293 1756 2328 142,
1781 2291 1803 2320 1.
1829 2299 1857 2319 a.
1883 2300 1951 2329 -ωρ,

256 2349 279 2379 d
303 2353 320 2379 I
341 2350 417 2386 377,
440 2350 462 2379 l.
487 2359 516 2379 a.
543 2352 583 2379 εὑ.
762 2358 779 2378 e
802 2352 827 2378 E
851 2351 880 2378 7.
1044 2349 1067 2385 f
1084 2348 1209 2386 Viginti
1236 2359 1275 2379 ex
1299 2350 1408 2379 Iliade
1433 2345 1632 2378 huiusmodi
1658 2353 1779 2375 versus
1805 2340 1949 2378 collegit

124 2402 307 2432 Hoffmann
331 2402 353 2432 1.
378 2403 400 2432 l.
426 2404 488 2432 183
514 2411 565 2440 sq.
760 2412 781 2442 9
806 2403 937 2440 Nempe
961 2410 1084 2432 sonum
1108 2414 1131 2440 f
1154 2404 1188 2432 in
1213 2406 1309 2432 textu
1335 2403 1461 2432 tradito
1483 2401 1647 2441 yenitivus
1671 2396 1722 2432 οἷο,
1747 2399 1786 2431 ἕο,
1812 2398 1885 2425 ἕθεν
1910 2395 1945 2423 et

123 2455 323 2486 accusativus
345 2458 358 2485 ἑ
381 2464 550 2493 nusquam
576 2464 644 2485 non
668 2459 816 2494 poscunt
839 2457 893 2485 vel
918 2455 1118 2492 admittunt,
1139 2456 1269 2485 dativus
1293 2459 1320 2486 οἱ
1342 2457 1428 2485 locis
1451 2453 1687 2493 septendecim
1715 2450 1846 2480 amisit:
1867 2446 1945 2485 plus

124 2506 233 2546 igitur
254 2508 393 2538 valebat
417 2507 592 2546 digamma
616 2507 651 2537 in
676 2510 872 2538 accusativo
898 2512 932 2538 et
956 2508 991 2538 in
1017 2508 1170 2546 genitivo
1194 2518 1296 2546 quam
1323 2510 1356 2538 in
1379 2507 1518 2538 dativo?
1547 2507 1628 2536 Vide
1649 2513 1751 2542 quam
1775 2499 1945 2531 absurdae

125 2569 180 2590 res
199 2558 381 2590 subductis
407 2562 559 2590 numeris
583 2561 812 2591 demonstrari
833 2562 982 2599 possint!
1125 2560 1145 2590 Ιι
1169 2562 1250 2599 Pag.
1277 2564 1338 2591 113
1354 2572 1383 2591 u.
1526 2560 1537 2589 z'
1561 2559 1579 2597 ξ
1608 2559 1658 2588 19.
1785 2553 1807 2592 j
1831 2555 1864 2582 A
1891 2552 1942 2581 7⁰·

259 2611 280 2642 k
302 2614 337 2642 A
362 2614 438 2643 548.
709 2614 723 2643 l
744 2614 843 2644 Multi
877 2614 1075 2643 huiusmodi
1107 2623 1241 2644 errores
1264 2616 1299 2644 in
1323 2615 1487 2651 Hesychii
1511 2612 1621 2643 lexico
1646 2615 1726 2640 sunt
1751 2603 1942 2638 commissu

124 2664 185 2694 sed
216 2665 259 2694 ad
289 2674 361 2695 rem
390 2666 502 2703 magis
534 2667 617 2696 facit
649 2676 744 2697 error
776 2667 937 2705 lapidarii
970 2668 1043 2696 eius
1069 2667 1130 2704 qui
1154 2676 1243 2696 anno
1271 2668 1334 2697 130
1358 2670 1438 2706 post
1462 2667 1540 2697 Chr.
1565 2664 1732 2695 Balbillae
1757 2656 1948 2689 versiculos

123 2718 258 2747 statuae
289 2718 485 2748 Memnonis
509 2720 710 2758 insculpens
735 2733 767 2757 γε
794 2723 828 2749 et
851 2732 898 2757 γοι
925 2720 1076 2749 exaravit
1101 2728 1178 2750 cum
1204 2720 1347 2750 deberet
1370 2731 1407 2758 fe
1432 2723 1465 2749 et
1487 2731 1549 2757 for,
1575 2717 1669 2747 Aeol.
1694 2717 1768 2744 320.
1793 2713 1944 2748 Quatuor

123 2770 272 2799 saeculis
295 2773 372 2800 ante
405 2772 439 2800 in
466 2772 614 2801 eundem
640 2781 788 2802 errorem
814 2772 983 2802 inciderat
1008 2772 1253 2809 quadratarius
1276 2773 1317 2808 is,
1341 2771 1401 2809 qui
1425 2774 1459 2801 in
1484 2770 1599 2809 lapide
1624 2765 1830 2806 Pamphylio
1858 2763 1942 2793 1267

122 2826 244 2864 ἄγεθλα
275 2826 415 2866 scripsit
445 2837 507 2866 pro
538 2829 669 2867 ἄμθλα.
700 2830 831 2868 Nempe
855 2829 937 2866 quid
962 2829 1099 2858 facilius
1123 2830 1236 2868 potuit
1259 2830 1415 2859 accidere
1439 2838 1542 2866 quam
1567 2830 1606 2857 ut
1628 2827 1764 2864 signum
1791 2817 1812 2850 F
1839 2820 1890 2850 vel
1919 2818 1942 2851 Ε

123 2881 178 2910 vel
204 2878 229 2911 δ’
255 2889 324 2910 una
351 2881 478 2911 lineola
509 2881 639 2912 omissa
671 2883 704 2911 in
731 2880 752 2912 Γ
775 2883 896 2912 abiret.
929 2883 1042 2912 Etiam
1077 2884 1247 2920 particula
1281 2883 1369 2921 T’(e)
1401 2893 1419 2914 e
1451 2884 1566 2913 littera
1588 2894 1611 2920 f
1636 2889 1702 2910 non
1727 2876 1843 2916 agnita
1868 2873 1943 2904 fieri

122 2940 259 2976 poterat
289 2937 469 2974 facillim03
506 2938 556 2968 sio
585 2942 694 2978 τρλπην
718 2949 780 2978 pro
803 2945 918 2978 frium
950 2943 983 2970 et
1006 2939 1134 2970 similia
1164 2944 1245 2971 sunt
1268 2942 1394 2971 tradita
1417 2940 1452 2970 in
1478 2939 1637 2979 Sapphus
1661 2935 1848 2972 Alcaeique
1873 2940 1945 2962 car-

125 2990 287 3029 minibus,
320 2993 355 3021 et
384 2992 419 3021 in
451 2992 662 3029 Theognidis
692 2993 870 3023 codicibus
902 2992 1045 3032 optimis
1076 2995 1283 3035 εὐΓεργεσίησ
1313 3004 1361 3024 vs.
1389 2995 1464 3030 548,
1489 2995 1566 3028 574,
1588 2993 1625 3029 με’
1650 2992 1690 3021 Γ’
1719 2986 1803 3019 οἶνοσ
1828 2989 1882 3018 vel
1905 2988 1942 3024 μὲ

130 3043 167 3071 T'
195 3039 280 3072 οἷνοσ
303 3051 352 3074 vs.
377 3045 441 3074 413
465 3045 594 3083 scripta
618 3048 699 3075 sunt
721 3055 783 3084 pro
808 3048 1005 3086 ἐΰμργεσίησ
1029 3049 1065 3076 et
1085 3059 1122 3083 με
1150 3053 1270 3085 [οῖνοσ.
1294 3047 1454 3077 Fortasse
1482 3048 1584 3076 etiam
1612 3045 1681 3075 iota
1708 3047 1801 3074 vocis
1826 3044 1945 3074 οἰέτεαα

131 3097 156 3124 Β
181 3095 244 3125 ’765
268 3099 381 3126 servat
404 3098 550 3135 vestigia
573 3098 678 3136 prisci
702 3099 777 3128 soni
795 3110 827 3136 f.
