2234 3443
279 179 362 217 322
881 186 934 214 m:
966 186 1189 215 srmprssus
1221 186 1267 214 IN
1300 185 1337 225 ᾶ,
1372 191 1409 226 η,
1443 191 1487 215 ω.
1933 181 1972 226 [ἓ
2009 182 2088 219 191

277 302 429 352 ζώγρεε,
484 300 645 349 νωμάει,
681 295 949 347 πειράε’(αι)α,
990 293 1231 347 μνᾶεσθ’(αι)
1265 302 1308 337 et
1358 294 1639 347 μνᾶοντ’(αι)ὂ,
1680 300 1837 339 horum
1885 312 2091 342 versuum

278 378 353 417 pes
385 369 552 417 primus
584 366 836 406 claudicatc.
870 366 980 404 Item
1015 376 1091 414 pes
1121 366 1340 405 secundus
1373 366 1504 404 huius
1536 376 1714 405 versus:

688 432 744 472 ὡσ
776 431 817 471 ὁὲ
847 433 968 484 λέβησ
998 434 1058 479 ζεῖ
1083 432 1200 471 ἔνδον
1213 431 1246 483 d,

275 502 431 541 tertius
458 502 588 540 huius
621 510 797 540 versus:

686 574 754 605 τοῦ
789 563 824 605 δ’
861 561 884 616 ἦ
915 582 973 605 τοι
1005 568 1124 615 φωνὴ
1156 566 1217 615 ῥεῖ
1245 565 1415 606 ἅσπετοσ
1429 574 1458 616 ⁶³,

275 637 457 682 quartus
489 636 669 674 horum:

686 701 898 751 καιόμεναί
924 715 963 740 τε
996 701 1116 750 δεταί,
1146 701 1216 739 τάσ
1247 715 1286 739 τε
1316 704 1401 751 τρεῖ
1427 699 1644 750 ἐσσυμένοσ
1673 716 1745 750 περ
1759 700 1789 747 f,

685 768 727 807 τὸ
758 766 828 818 μὲν
860 767 908 807 οὔ
940 765 1022 806 ποτ’
1058 767 1181 817 ἐρωεῖ,
1211 765 1305 806 ὀυδέ
1335 765 1416 806 ποτ’
1452 767 1578 817 οἴθρκ
1605 767 1611 818 Ι
1640 766 1759 817 mm,

274 837 358 875 nisi
390 839 652 875 revocantur
682 837 895 884 genuinae
927 836 1160 875 verborum
1193 836 1360 875 formae
1392 834 1478 885 ζέει,
1508 834 1599 886 ῥέει,
1626 834 1739 884 τρέει,
1768 834 1942 885 ἑρωέειᾶ.

390 901 537 950 Neque
569 903 852 943 Homericum
885 904 1012 942 sonat
1043 901 1263 951 ἐφορμᾶται
1289 902 1507 953 γαμέεσθαι
1519 901 1544 952 i,
1567 902 1671 942 licet
1694 913 1780 942 non
1807 903 1914 942 insit
1931 904 2089 943 vitium

271 970 519 1019 metricum,
561 970 637 1009 sed
679 970 784 1009 olim
817 970 982 1009 dictum
1015 973 1082 1009 est
1113 968 1354 1018 ἐφορμάεται
1383 968 1617 1020 γαμέεσθαι,
1654 972 1697 1008 et
1728 970 1792 1009 sic
1821 970 1994 1009 locutus
2026 973 2094 1009 est

271 1040 412 1085 poeta,
443 1039 596 1085 postea
627 1035 847 1087 ἐφορμᾶται
878 1040 1095 1088 γαμεῖσθαι
1123 1038 1328 1076 dixerunt
1349 1037 1550 1076 homines
1575 1038 1618 1075 in
1646 1037 1767 1076 Ionia
1793 1039 1837 1076 et
1862 1037 1906 1075 in
1932 1038 2092 1091 Attica,

272 1106 315 1143 et
346 1104 550 1152 rhapsodi
581 1105 724 1153 prisca
751 1105 946 1143 carmina
977 1104 1245 1152 proferentes
1277 1105 1340 1143 sic
1372 1105 1641 1151 cecinerunt;
1674 1104 1718 1142 in
1751 1104 1927 1152 scriptis
1945 1106 2091 1143 autem

272 1171 595 1219 exemplaribus
637 1173 803 1210 mansit
848 1171 890 1209 id
931 1171 1043 1218 quod
1075 1171 1246 1209 numeri
1277 1171 1476 1210 ferebant
1507 1168 1741 1220 ἐφορμᾶται,
1767 1171 1842 1209 sed
1879 1174 2095 1220 γαμεῖσθαι

270 1239 500 1287 propagari
532 1239 672 1277 vetuit
700 1248 907 1277 mensura
928 1238 1213 1286 syllabarum.
1247 1238 1316 1277 Sic
1348 1237 1531 1276 verbum
1563 1236 1669 1287 ἔρρεε
1699 1238 1741 1275 in
1770 1237 1906 1277 altero
1933 1238 2089 1277 horum

272 1315 503 1344 versuum:

680 1371 822 1411 αὐτίκα
855 1369 890 1411 δ’
931 1371 1061 1423 ἔρρεεν
1094 1367 1236 1422 aium,

682 1440 877 1490 κείμενον·
909 1440 1011 1491 ἔρρει
1042 1436 1076 1479 δ’
1119 1435 1250 1489 αἷμαῖΰ

269 1508 465 1546 numeris
507 1507 736 1547 defensum
769 1508 912 1547 evasit
939 1508 1174 1559 integrum,
1206 1508 1251 1546 in
1278 1508 1415 1547 altero
1442 1518 1467 1546 a
1491 1509 1678 1557 posteris
1705 1510 1773 1547 est
1799 1509 2090 1547 contractum.

390 1641 437 1680 Ei
481 1651 582 1681 vero
625 1651 792 1690 versus,
837 1652 858 1680 e
891 1642 1048 1689 quibus
1080 1642 1379 1680 contractione
1412 1643 1590 1680 exemta
1621 1643 1716 1680 erat
1747 1641 1918 1689 syllaba
1948 1643 2089 1680 metro

267 1710 530 1758 necessaria,
558 1709 602 1748 in
628 1709 803 1757 scriptis
831 1708 1156 1757 exemplaribus
1184 1709 1283 1748 lecti
1309 1708 1561 1748 tolerabiles
1587 1719 1673 1748 non
1691 1709 1974 1756 videbantur;
2002 1718 2088 1747 non

269 1777 385 1816 enim
427 1777 625 1816 canentis
666 1776 735 1815 vel
777 1777 1067 1815 declamantis
1108 1786 1212 1815 voce
1254 1777 1468 1815 eiusmodi
1509 1777 1618 1815 vitia
1649 1777 1782 1815 etiam
1815 1775 2087 1814 velabantur.

270 1843 536 1893 Quapropter
582 1844 783 1882 homines
830 1844 1028 1892 litterati,
1076 1844 1120 1882 in
1161 1853 1347 1891 quorum
1379 1853 1540 1883 manus
1581 1844 1781 1893 pervenit
1819 1845 1970 1882 textus
2003 1853 2089 1882 car-

268 1911 438 1950 minum
481 1911 700 1959 epicorum
743 1910 932 1949 infectus
974 1910 1172 1949 socordia
1202 1911 1535 1960 rhapsodorum,
1569 1921 1700 1950 ruens
1732 1913 1924 1949 metrum
1956 1910 2090 1948 variis

266 1978 470 2017 remediis
500 1977 652 2016 fulcire
685 1978 831 2016 conati
862 1979 978 2017 sunt.

383 2044 436 2082 Et
468 2045 664 2083 omnium
697 2044 873 2092 quidem
910 2045 1202 2084 remediorum
1235 2044 1618 2093 simplicissimum
1645 2045 1727 2084 hoc
1753 2046 1859 2094 erat,
1887 2046 1935 2083 ut
1961 2045 2086 2093 lonya

266 2112 499 2150 haberetur
534 2112 705 2160 syllaba
731 2111 862 2151 brevis
889 2113 1138 2151 contractae
1165 2112 1433 2161 praemissa;
1461 2112 1504 2150 in
1537 2112 1782 2151 cuiusmodi
1814 2121 1982 2151 errores
2014 2122 2089 2160 per

267 2179 374 2217 artis
416 2179 732 2227 grammaticae
773 2179 1006 2218 infantiam
1044 2179 1172 2218 facile
1204 2178 1456 2218 incidebant
1487 2179 1695 2228 legentes,
1729 2178 1948 2228 ambiguis
1974 2178 2087 2218 litte-

265 2255 412 2284 rarum
454 2246 593 2294 signis
637 2247 673 2283 E
715 2248 758 2284 et
801 2247 833 2283 O
876 2246 1009 2284 etiam
1052 2246 1204 2294 longos
1245 2256 1376 2285 sonos
1417 2244 1766 2294 significantibus
1802 2246 1982 2294 decepti.
2017 2246 2086 2285 Sic

265 2312 398 2351 verba
443 2310 534 2361 ἐάω,
581 2311 747 2362 ἐάωμεν,
793 2311 930 2351 ε’άουσι
973 2323 1072 2352 cum
1113 2314 1156 2352 in
1199 2323 1271 2352 ore
1313 2313 1629 2362 rhapsodorum
1662 2314 1903 2352 cessissent
1932 2313 2085 2352 formis

262 2380 457 2428 ipsorum
490 2383 632 2419 aetate
664 2380 918 2428 vulgaribus
944 2378 1008 2428 ἐῶ,
1039 2378 1178 2429 ἐῶμεν,
1208 2379 1299 2418 ἐῶσι
1325 2382 1368 2419 et
1393 2380 1437 2419 in
1463 2380 1640 2429 scriptis
1667 2381 1911 2419 carminum
1940 2390 2083 2418 exem-

264 2446 456 2494 plaribus
502 2447 671 2486 reddita
717 2450 864 2486 essent
911 2448 1049 2496 signis
1097 2449 1284 2487 vetustis
1329 2461 1384 2496 εο,
1423 2461 1550 2497 εομεν,
1590 2459 1686 2497 εοσι,
1717 2449 1868 2496 postea
1910 2457 1935 2486 a
1976 2447 2083 2486 viris

264 2523 395 2561 prave
450 2513 601 2562 doctis,
650 2515 723 2562 qui
762 2516 1004 2554 recentiore
1046 2515 1294 2554 litteratura
1335 2514 1584 2563 utebantur,
1631 2515 1795 2563 scripta
1835 2516 1939 2553 sunt
1978 2513 2044 2552 εἰῶ
2060 2511 2083 2565 l,

264 2579 404 2627 εἰῶμεν
417 2588 458 2627 Μ,
500 2581 606 2618 εἰῶσι
624 2589 654 2618 ⁷².
689 2581 875 2631 Quidni?
908 2582 1058 2620 Nonne
1091 2582 1271 2621 Homeri
1289 2585 1382 2621 erat
1417 2581 1459 2620 τὸ
1491 2580 1728 2620 ἐπεκτείνειν
1760 2582 1854 2620 sive
1886 2580 2084 2630 φωνήεντι

395 2713 414 2731 α
453 2700 532 2740 Pag.
558 2703 621 2731 235
637 2711 664 2731 a.
690 2703 754 2732 Pro
776 2706 907 2739 μῦθεῐαι
928 2707 952 2732 θ
975 2704 1038 2733 180
1064 2698 1196 2744 (μῦθεαι
1219 2707 1240 2742 β
1261 2702 1340 2740 202)
1360 2706 1394 2732 et
1416 2711 1491 2733 νεῖαι
1515 2706 1530 2732 λ
1557 2703 1620 2733 114
1644 2715 1665 2740 μ
1689 2704 1763 2740 141,
1785 2711 1931 2741 quorum
1951 2703 2080 2733 vocalis

262 2755 448 2784 thematica
484 2764 561 2784 cum
600 2763 683 2784 eono
718 2754 859 2784 radicali
895 2755 1069 2792 confluxit,
1104 2756 1170 2793 leg.
1204 2756 1339 2793 μῦθέεαι
1375 2758 1409 2785 et
1444 2755 1523 2784 vs'eaa
1565 2755 1667 2792 (corr,
1703 2753 1858 2796 Knight),
1892 2763 1970 2794 pag.
2002 2755 2042 2784 67
2057 2753 2078 2790 l,

263 2809 326 2837 236
340 2806 371 2843 α’,
395 2817 420 2837 e.
445 2807 646 2845 Imperativi
671 2807 766 2836 αἰδεῖο
790 2807 821 2836 Ω
847 2807 909 2837 503
936 2821 945 2837 ι
971 2808 1033 2837 269
1059 2807 1090 2845 (ξ
1114 2806 1193 2845 289)
1219 2811 1253 2837 et
1275 2810 1352 2847 ἐρεῑο
1382 2807 1436 2837 vel
1461 2808 1539 2847 ἔρειο
1563 2810 1591 2836 Δ
1613 2809 1675 2838 611
1702 2807 1734 2846 (ἓ
1760 2807 1849 2845 264),
1876 2808 1935 2845 qui
1958 2806 2077 2836 eodem

261 2857 479 2888 incommodo
512 2859 682 2894 laborant,
713 2867 835 2888 sonum
869 2871 892 2888 ει
925 2859 958 2888 in
989 2860 1058 2888 arsi
1088 2859 1234 2895 habent;
1259 2860 1325 2897 leg.
1353 2859 1496 2898 aquoff)
1521 2862 1555 2889 et
1577 2862 1648 2900 ἔρηο
1670 2860 1764 2898 (pag.
1790 2860 1853 2890 236
1867 2858 1896 2894 k,
1912 2858 1933 2895 l,
1957 2859 2019 2888 278
2034 2858 2078 2894 e).

262 2911 391 2941 Imitati
415 2914 494 2941 sunt
518 2911 688 2941 Leonidae
711 2911 828 2949 Epigr.
851 2911 891 2941 70
917 2917 986 2945 m‘o,
1010 2910 1122 2949 Apoll.
1146 2912 1208 2942 Rh.
1228 2912 1280 2942 ΙΙΙ
1302 2913 1386 2942 1035
1411 2915 1580 2949 μειλίσσειο
1604 2912 1742 2950 (lengus
1765 2919 1868 2942 sonus
1892 2923 1916 2940 ει
1940 2909 2079 2947 unde?).

393 2963 409 2992 b
436 2964 486 2993 De
512 2972 594 2994 sono
615 2962 756 3002 a§190.
929 2973 944 2992 c
980 2964 1062 3001 Pag.
1088 2965 1128 2994 82
1142 2973 1244 2993 e—m.
1420 2963 1443 2993 d
1476 2966 1511 2993 Φ
1536 2963 1610 2995 362.
1784 2973 1800 2994 e
1829 2964 1871 2993 Η.
1895 2963 1976 2992 Ven.
2001 2961 2076 2992 237.

394 3015 416 3051 f
447 3019 474 3044 A
501 3017 564 3045 554
591 3019 617 3045 P
640 3016 714 3045 663.
878 3025 900 3054 q
935 3027 956 3051 μ
984 3016 1035 3045 75.
1203 3015 1223 3045 Ιι
1258 3014 1339 3052 Pag.
1364 3017 1416 3046 83.
1575 3016 1586 3045 i
1620 3028 1640 3045 α
1665 3015 1740 3047 275.
1889 3014 1911 3053 j
1946 3018 1973 3043 Δ
2001 3015 2075 3045 140.

394 3067 413 3094 k
451 3070 476 3096 P
499 3069 550 3097 86.
755 3068 765 3096 l
801 3071 827 3096 A
853 3068 905 3097 55.
1107 3078 1134 3097 m
1169 3069 1219 3106 (L.
1248 3077 1277 3097 a.
1302 3079 1320 3098 σ
1345 3069 1422 3106 420)
1446 3080 1468 3108 φ
1492 3066 1566 3098 260.
1760 3078 1778 3097 n
1816 3070 1843 3097 Β
1869 3066 1932 3097 132
1956 3069 1985 3096 A
2011 3068 2074 3096 550

262 3121 289 3148 Ρ
311 3119 374 3148 659
403 3123 429 3147 Y
454 3121 527 3150 139.
