2234 3443
217 162 271 199 30
995 171 1254 199 PRAEFATm.

213 285 256 323 in
275 285 470 323 vThracia
496 286 673 333 regione
692 285 837 324 vicina
863 285 1098 323 etiamtum
1116 284 1292 332 vigebat
1317 295 1416 323 mos
1432 285 1603 334 puellas
1619 286 1763 335 procis
1779 287 1994 325 vendendi
2007 297 2039 326 a.

214 351 403 390 Verbum
436 350 592 400 τρέσσαι
625 353 818 391 Homero
851 352 893 390 id
924 352 1035 399 quod
1068 352 1252 390 recedere
1280 351 1553 400 significasse
1586 353 1880 393 Athenienses
1913 356 1956 393 et
1987 364 2042 393 ex

211 419 319 467 ipsis
361 420 630 458 carminibus
673 420 808 468 epicis
850 419 1017 457 discere
1059 420 1263 467 poterant
1307 421 1350 458 et
1379 429 1402 458 e
1434 420 1585 468 lingua
1620 421 1846 468 Laconica,
1879 421 1923 459 in
1957 431 2042 469 qua

211 485 419 536 τρέσαντεσ
447 486 705 526 dicebantur
731 487 804 535 qui
831 496 980 525 coram
1007 486 1135 525 hoste
1161 486 1403 534 fugissent:
1433 488 1656 535 atragicis
1672 491 1838 537 tamen,
1856 498 2043 536 quorum

214 554 346 592 dictio
379 556 423 592 et
453 555 551 603 ipsa
584 565 655 593 ars
687 564 741 593 ex
775 554 968 592 Homero
998 554 1160 602 pendet
1191 555 1299 602 tota,
1327 555 1539 594 metue-ndi
1563 565 1698 594 sensu
1724 555 1830 594 illud
1858 556 2040 595 verbum

213 630 345 669 saepe
388 623 456 660 est
497 624 759 670 usurpatum
774 618 804 660 b.
848 621 1045 660 Priscam
1082 631 1236 660 vocem
1274 620 1400 670 δέμασ
1431 622 1472 660 id
1505 622 1620 670 quod
1652 628 1765 672 σῶμα
1797 621 2045 671 significare

214 688 346 727 multi
388 691 639 738 putaruntc.
684 688 903 737 Epithetis
935 689 978 727 in
1021 688 1144 737 epica
1184 688 1375 728 dictione
1418 690 1586 737 passim
1629 689 1772 728 obviis
1813 689 1962 728 ἱππότα
1999 691 2042 728 et

210 754 412 805 ἱππηλάτα
454 756 679 804 glossema
720 756 856 808 φυγάσ
896 756 992 794 sive
1033 756 1128 794 exul
1159 755 1265 794 olim
1308 756 1532 804 appictum
1564 756 1701 795 fuisse
1732 756 1871 795 fertur
1886 752 1919 805 d,
1954 767 2041 796 vox

212 826 350 871 μῦθοσ
390 823 433 861 in
477 823 701 871 Odysseae
733 824 922 871 quodam
956 833 1087 862 versu
1120 822 1258 861 στάσιν
1291 822 1541 872 significare
1579 826 1649 863 est
1679 824 1888 873 creditae,
1921 823 2042 862 πάλιν

213 888 493 941 πλαγχθέντασ
533 891 656 930 fuere
699 891 772 938 qui
813 901 900 930 non
942 891 1127 940 repulsos
1166 892 1578 941 interpretarentur,
1612 891 1689 930 sed
1721 891 1885 930 iteratos
1917 891 2041 931 Achi-

213 967 369 996 vorum
416 968 587 997 errores
633 961 676 997 et
723 958 1050 1007 expeditionem
1096 959 1141 997 in
1193 959 1381 1008 Mysiam
1434 961 1536 998 ante
1587 958 1751 998 bellum
1805 958 2041 998 Troianum

210 1026 467 1073 susceptam
509 1026 593 1064 dici
634 1023 892 1074 putarentf.
934 1026 995 1065 De
1035 1036 1245 1075 prospera
1286 1029 1405 1066 sorte
1444 1026 1715 1065 Rhodiorum
1757 1026 1870 1074 quod
1912 1027 2042 1075 poeta

211 1092 345 1132 dixit:
380 1104 478 1141 σφιν
510 1092 728 1131 θεσπέσιον
759 1095 934 1132 πλοῦτον
966 1091 1149 1144 κατέχευε
1180 1093 1415 1146 Κρονίωνθ,
1448 1094 1490 1133 id
1524 1094 1577 1132 ad
1604 1093 1800 1132 litteram
1822 1093 2042 1142 accipiens

211 1160 427 1199 Pindarus
465 1170 626 1199 aurum
667 1161 711 1200 in
753 1161 828 1199 illa
869 1162 1046 1209 regione
1071 1161 1228 1209 pluisse
1259 1162 1419 1200 cecinit
1431 1158 1464 1201 b.
1496 1161 1651 1200 Dualis
1683 1171 1895 1200 numerus
1926 1163 2039 1210 post-

212 1238 344 1276 quam
373 1238 395 1267 e
422 1228 686 1267 Graecorum
715 1229 905 1268 dictione
933 1229 1126 1278 evanuit,
1147 1230 1282 1268 etiam
1310 1230 1394 1268 tria
1412 1229 1480 1268 vel
1509 1229 1636 1277 plura
1663 1228 1716 1267 ab
1748 1228 1883 1277 epicis
1899 1228 2043 1277 poetis

209 1295 403 1334 indicata
434 1305 531 1334 esse
562 1296 692 1334 huius
714 1296 888 1335 numeri
914 1296 1069 1335 formis
1095 1296 1299 1335 homines
1329 1296 1430 1335 inde
1459 1306 1484 1335 a
1509 1296 1594 1335 1110
1615 1298 1715 1335 ante
1743 1295 1842 1336 Chr.
1866 1295 2043 1335 saeculo

211 1363 294 1401 sibi
338 1360 687 1412 persuaserunti,
744 1363 934 1402 fortasse
984 1363 1174 1402 Aeolum
1214 1363 1468 1411 Dorumque
1510 1364 1666 1412 priscis
1708 1362 2043 1413 pronominibus

210 1427 314 1479 ἄμμε
352 1428 458 1479 ὔμμε
499 1427 573 1480 ἁμέ
619 1429 695 1479 ὑμέ
727 1446 782 1462 =
815 1427 922 1480 ἡμᾶσ
969 1433 1013 1470 et
1058 1429 1166 1481 ὑμᾶσ
1212 1431 1257 1469 in
1305 1441 1498 1470 errorem
1545 1430 1728 1480 abrepti.
1776 1430 2043 1470 Pronomina

212 1497 413 1536 obsoleta
452 1508 528 1546 σφε
569 1500 614 1537 et
645 1512 710 1535 νιν
741 1499 786 1537 in
819 1499 1089 1546 tragicorum
1121 1498 1274 1546 lingua
1305 1497 1415 1537 nihil
1445 1507 1533 1537 non
1565 1494 1912 1546 significaruntj.
1945 1497 2041 1537 Cor·

213 1565 402 1604 relativa
442 1566 661 1604 adiectiva
703 1567 747 1604 et
788 1565 996 1604 adverbia
1034 1565 1150 1604 inter
1190 1576 1238 1604 se
1274 1567 1472 1614 potuisse
1509 1566 1753 1614 permutari
1785 1565 2044 1614 Apollonius

212 1632 425 1682 Rhodius,
478 1632 791 1682 Callimachus,
833 1633 1095 1682 Zenodotus,
1140 1632 1214 1672 alii
1254 1632 1385 1672 multi
1425 1629 1750 1685 crediderunt-,lg
1797 1635 1840 1672 et
1887 1633 2042 1681 poetae

301 1766 320 1786 a
345 1755 511 1785 Herodot.
547 1755 574 1784 V
612 1757 629 1785 6
668 1755 824 1794 Xenoph.
861 1755 970 1785 Anah.
1006 1755 1069 1786 VII
1107 1755 1125 1785 2
1162 1755 1246 1793 §38
1283 1755 1439 1793 Thucyd.
1463 1754 1480 1785 1
1515 1757 1532 1785 6
1566 1754 1584 1793 ξ
1615 1756 1634 1785 6
1660 1756 1803 1786 Aristot.
1827 1754 1929 1786 Polit.
1962 1755 1997 1785 11
2024 1755 2042 1784 5

212 1809 231 1847 ς
257 1809 309 1838 12.
489 1807 506 1837 b
529 1808 640 1838 Voces
674 1810 754 1847 post
788 1816 910 1838 aevum
946 1808 1167 1838 Homericum
1204 1809 1468 1844 intermortuae,
1503 1817 1591 1846 quas
1625 1807 1751 1847 tragici
1779 1818 1798 1839 e
1831 1808 2044 1839 carminibus

211 1860 359 1891 vetustis
393 1860 649 1896 desumserunt‚
683 1862 721 1890 ut
750 1869 847 1890 suam
877 1861 920 1890 iis
952 1864 1157 1891 exornarent
1188 1859 1391 1897 dictionem,
1423 1869 1491 1890 nou
1522 1863 1604 1890 sunt
1629 1861 1663 1890 in
1687 1869 1795 1891 unum
1819 1860 2044 1891 coniciendae

212 1922 289 1943 cum
321 1914 363 1943 iis
395 1922 483 1950 quae
515 1912 551 1942 in
575 1921 680 1942 novas
704 1912 834 1943 sensim
857 1914 987 1943 formas
1011 1922 1188 1951 novasque
1213 1911 1374 1943 notiones
1397 1912 1568 1943 abierunt.
1590 1913 1665 1943 Hae
1688 1912 1776 1943 nihil
1799 1913 1931 1943 habent
1954 1912 2047 1951 quod

211 1975 314 2005 aegre
344 1967 511 1996 seramus:
543 1966 614 1995 illis
644 1966 673 1995 ei
703 1964 830 2003 tragici
853 1974 979 1996 novum
1005 1974 1147 1996 sensum
1171 1966 1382 2001 tribuerunt,
1406 1974 1474 1995 non
1501 1968 1583 1995 sunt
1606 1966 1781 1996 laudandi.
1806 1967 1851 1997 Ut
1874 1966 2045 2005 exemplis

211 2028 266 2049 rea
296 2018 504 2054 illustretur,
534 2021 639 2058 φόβοσ
670 2019 753 2049 olim
784 2018 909 2058 fuyam,
935 2022 1056 2058 postea
1084 2020 1237 2049 terrorem
1260 2019 1488 2057 significavit;
1512 2022 1622 2058 φοβεῖν
1639 2018 1777 2059 fuqare,
1801 2019 1881 2049 dein
1908 2020 2042 2048 terrere:

210 2073 260 2102 sic
301 2072 344 2101 ad
385 2072 560 2102 notionem
604 2072 744 2102 affinem
781 2073 910 2101 sensim
952 2071 1140 2101 declinavit
1182 2070 1260 2101 viva
1296 2080 1362 2102 vox
1393 2071 1525 2110 populi,
1562 2080 1671 2110 penes
1703 2080 1806 2110 quem
1837 2075 1889 2102 est
1923 2080 2044 2102 norma

210 2125 393 2163 loquendi;
426 2124 487 2154 sed
513 2124 657 2155 verbum
689 2118 850 2164 τρέ(σ)’σαι
876 2123 937 2154 ubi
960 2124 1047 2154 vixit
1078 2126 1112 2153 et
1141 2125 1309 2162 quamdiu
1333 2123 1430 2160 vixit,
1454 2133 1593 2162 semper
1623 2126 1659 2154 et
1680 2125 1812 2162 ubique
1835 2125 2046 2163 significavit

210 2176 371 2209 recedere:
406 2175 531 2214 tragici
564 2175 674 2214 igitur
705 2186 785 2207 eum
809 2176 952 2207 verbum
982 2176 1080 2211 illud,
1110 2177 1204 2214 quod
1232 2178 1373 2208 illorum
1399 2179 1512 2207 aetate
1535 2178 1571 2206 in
1594 2176 1710 2208 Attica
1735 2178 1933 2208 obsoletum
1959 2179 2046 2214 erat,

213 2238 254 2259 ex
288 2228 388 2268 epica
424 2229 576 2259 dictione
610 2230 645 2258 in
676 2237 739 2259 aua
769 2228 924 2259 carmina
955 2229 1223 2266 transtulerunt,
1254 2228 1416 2260 metuendi
1437 2230 1507 2259 vim
1533 2230 1565 2259 ei
1587 2231 1662 2260 sine
1686 2228 1774 2260 vitio
1797 2230 1951 2260 tr1buere
1975 2238 2044 2260 non

212 2285 384 2322 poteraut.
518 2292 534 2312 c
559 2283 640 2313 Eur.
665 2283 776 2313 Orest.
804 2284 858 2318 40,
883 2283 937 2319 98,
962 2283 1072 2313 schol.
1096 2285 1130 2312 A
1157 2283 1233 2313 115.
1369 2281 1393 2312 d
1416 2282 1578 2314 Schol.L.-·'
1597 2283 1659 2312 117
1682 2283 1793 2321 Apoll.
1814 2283 1879 2312 lex.
1901 2291 1928 2312 s.
1949 2291 1980 2312 v.
2001 2299 2042 2304 —
2107 2286 2110 2290 ’

212 2336 286 2366 Hoc
320 2338 435 2365 tamen
470 2336 553 2373 quin
589 2337 690 2365 inane
725 2336 770 2364 sit
804 2334 935 2365 crimen
970 2344 1039 2365 non
1075 2335 1212 2365 videtur
1247 2334 1403 2365 dubium.
1438 2335 1525 2365 Nam
1560 2334 1627 2364 nisi
1663 2335 1778 2364 omnia
1809 2343 1871 2365 nos
1906 2334 2045 2371 fallunt,

211 2387 403 2418 Aristarchi
434 2387 478 2417 ad
507 2389 542 2418 Ξ
572 2389 748 2418 117-119
780 2391 860 2418 nota
890 2388 978 2417 haec
1009 2390 1100 2417 erat:
1131 2389 1169 2425 „ri
1194 2387 1288 2425 διπλῆ
1313 2388 1359 2417 ὅτι
1385 2389 1421 2417 οὐ
1446 2389 1562 2426 φυγάσ,
1587 2389 1632 2417 ὡσ
1655 2388 1743 2428 παρὰ
1767 2393 1834 2417 τοῖα
1860 2384 2046 2428 νεωτέροισ”

211 2441 300 2470 sive:
333 2449 372 2470 ex
404 2439 453 2469 his
482 2440 623 2470 versibus
648 2443 786 2480 apparet
812 2439 946 2470 Oeneum
973 2439 1011 2469 ab
1036 2439 1176 2470 Homero
1207 2449 1279 2475 non,
1303 2441 1341 2470 ut
1362 2439 1400 2469 ab
1423 2438 1585 2480 Euripide
1608 2439 1733 2477 (schol.
1758 2440 1817 2470 Ar.
1841 2440 1926 2470 Ach.
1951 2439 2044 2477 418),

210 2502 313 2523 senem
334 2492 368 2522 in
386 2492 518 2523 exilium
538 2502 603 2522 esse
622 2493 759 2523 missam.
784 2493 878 2529 Quae
906 2493 1011 2523 verba
1037 2502 1116 2523 cum
1141 2493 1259 2522 asinus
1283 2492 1411 2530 aliquis
1435 2492 1631 2522 rettulisset
1643 2492 1686 2522 ad
1706 2493 1886 2532 epitheton
1899 2495 2049 2530 ἱππότην,

214 2554 282 2584 quo
305 2546 441 2576 Oeneus
465 2546 529 2575 hoc
554 2546 630 2575 loco
655 2555 673 2575 a
697 2549 800 2584 poeta
825 2549 878 2575 est
902 2549 1056 2586 ornatus,
1077 2555 1118 2575 ex
1137 2546 1329 2575 Aristarchi
1348 2545 1464 2575 verbis
1484 2545 1614 2575 effecit:
1635 2546 1744 2576 fuisse
1765 2545 1893 2583 quibus
1905 2547 2044 2583 ἱππότησ

212 2597 248 2628 id
279 2598 372 2635 quod
402 2600 507 2637 φυγάσ
539 2598 735 2636 siguificare
767 2598 953 2628 videretur.
984 2597 1096 2628 Simili
1127 2600 1260 2628 ratione
1285 2598 1488 2628 diluendum
1513 2600 1566 2627 est
1589 2597 1684 2627 aliud
1709 2603 1768 2627 τῶν
1792 2599 2045 2637 γλωσσογρὰφων

211 2652 342 2681 crimen
364 2649 590 2686 immeritum,
610 2651 702 2688 quod
717 2653 770 2680 est
784 2651 827 2680 de
839 2649 934 2680 vocis
948 2657 1031 2681 τοῖον
1042 2651 1342 2690 interpretatione,
1355 2650 1397 2680 ad
1421 2653 1455 2680 Ψ
1467 2652 1519 2681 16.
1652 2659 1668 2680 e
1687 2662 1709 2690 φ
1724 2651 1777 2680 71.
1911 2650 1975 2688 fA
1991 2649 2044 2679 59.

342 2714 363 2743 9
393 2706 418 2733 B
443 2704 519 2734 670.
656 2703 676 2732 lt
700 2703 800 2733 Pind.
823 2703 874 2733 Ol.
901 2703 964 2733 VII
990 2704 1044 2739 62,
1070 2704 1111 2733 89
1137 2712 1187 2741 sq.
1333 2702 1345 2733 i
1368 2703 1387 2741 5
1416 2704 1469 2733 52.
1598 2702 1620 2742 j
1643 2703 1660 2740 ξ
1686 2703 1740 2733 92.
1876 2702 1897 2732 k
1919 2703 1970 2732 Ex
1994 2711 2044 2739 gr.

211 2756 407 2787 Zenodotus
431 2760 450 2786 Ι
473 2756 536 2786 447
562 2756 689 2785 edebat
712 2754 996 2795 2010v=qualem,
1023 2758 1062 2785 M
1087 2756 1128 2785 75
1154 2753 1555 2795 msa=quemadmodum,
1579 2755 1786 2793 Apollonius
1806 2753 1870 2784 Rh.
1889 2754 1936 2784 IV
1957 2754 2043 2784 1‘100

214 2808 354 2847 scripsit
387 2809 454 2838 οὐδ’
492 2809 693 2838 ὅσσον--ηε
715 2807 883 2837 tantillum
908 2807 1044 2847 quidem,
1069 2809 1150 2838 item
1177 2808 1411 2838 Callimachus
1432 2808 1465 2837 h.
1490 2809 1552 2846 Ap.
1579 2808 1632 2844 37,
1659 2809 1713 2844 81,
1737 2809 1779 2838 94
1804 2810 1839 2838 et
1861 2805 2044 2844 inscriptio

215 2863 294 2891 anni
323 2863 402 2899 post
425 2860 504 2891 Chr.
530 2862 583 2896 91,
608 2861 726 2900 Epigr.
753 2859 834 2891 618⁵
866 2859 998 2890 Kaibel.
1029 2859 1233 2891 Cuiusmodi
1259 2861 1421 2891 vitiorum
1454 2861 1633 2899 specimen
1664 2862 1699 2889 Χ
1722 2861 1786 2890 154
1810 2860 1844 2889 in
1869 2856 1931 2889 ΙΙΙί
1962 2861 2042 2888 aute

215 2914 293 2944 Chr.
325 2915 456 2943 saeculi
488 2922 620 2952 papyro
652 2916 747 2943 extat
772 2916 847 2943 τόθι
878 2922 940 2952 pro
965 2914 1020 2943 ὅθι
1046 2917 1235 2944 exaratum.
1260 2914 1383 2951 Itaque
1408 2913 1530 2943 comici
1554 2922 1674 2943 versus
1698 2913 1775 2942 Pac.
1801 2914 1860 2942 32:
1887 2913 1963 2942 τέωσ
1983 2914 2043 2941 fimo

215 2967 330 2996 σαυτὸν
353 2969 469 2996 λὰθοισ
495 2967 676 3006 :inapparatu
702 2975 769 2996 non
794 2967 868 2995 sine
891 2967 981 2996 iusta
1006 2975 1111 2996 causa
1130 2965 1245 2996 dictus
1266 2969 1318 2996 est
1338 2966 1434 2996 utilis
1456 2965 1498 2995 ad
1517 2965 1826 2995 demonstrandum
1847 2965 1929 3002 quid
1952 2965 2042 2994 iuter

215 3018 400 3049 relativum
427 3022 461 3048 et
483 3019 792 3048 demonstrativum
818 3020 1019 3048 interesset:
1047 3023 1239 3056 ,σημείωσαι
1264 3020 1310 3049 ὅτι
1335 3021 1368 3048 ἐκ
1393 3021 1598 3059 παραλλήλων
1621 3024 1717 3047 κεῖται
1742 3018 1776 3047 τὸ
1797 3019 1856 3047 zum
1877 3019 1928 3047 καὶ
1955 3018 2045 3052 τέωσ,

216 3073 267 3101 καὶ
292 3073 336 3100 ὅτι
362 3073 407 3100 εἰσ
429 3072 602 3108 ὑπόδειγμα
621 3070 801 3111 χρήσιμον”
822 3071 973 3109 (schol.).
997 3072 1129 3109 Nempe
1149 3071 1245 3110 ipsos
1269 3072 1421 3102 Graecos
1445 3071 1529 3100 talia
1551 3070 1668 3099 doceri
1692 3070 1877 3108 aliquando
1901 3079 2045 3100 necesse

218 3125 300 3153 fuiti
328 3126 343 3160 ᾗ
367 3121 457 3153 3233.
