2234 3443
960 132 1222 163 PnAnrArro.
1973 125 1995 162 7

174 256 285 294 quae
331 246 402 285 hic
447 249 858 286 commemoretura.
905 247 993 286 Nec
1039 257 1124 286 non
1173 247 1354 296 Athenis,
1402 247 1655 295 orchomeni,
1703 246 1856 296 Thebis,
1896 247 1999 286 alibi

173 314 340 363 passim
367 323 521 353 vocem
548 316 777 353 cantorum
804 315 848 353 in
875 315 1094 354 cenaculis
1121 315 1367 364 principum
1397 316 1440 353 et
1455 314 1536 353 sub
1554 314 1757 353 arborum
1776 324 2000 354 sacrarum

173 381 400 420 frondibus
441 381 493 420 ad
526 391 626 420 aras
659 381 836 421 deorum
870 391 967 421 esse
999 382 1194 420 auditam
1229 384 1305 420 aut
1337 383 1507 420 certum
1539 384 1606 420 est
1637 383 1713 420 aut
1744 382 1832 420 veri
1865 381 2000 420 simil-

172 449 344 488 limum.
378 448 507 487 Haud
538 458 625 487 uno
658 450 807 488 autem
840 449 884 487 in
916 448 1010 488 loco
1042 448 1238 495 singulos
1270 449 1472 487 cantores
1499 448 1750 487 demoratos
1781 457 1877 487 esse
1908 458 1998 497 per-

171 518 316 566 petuo,
345 516 421 554 sed
447 515 609 554 liberos
631 526 707 564 per
724 516 925 555 diversas
944 515 1206 555 Graecorum
1225 516 1379 563 gentes
1397 515 1767 564 circumvagatos,
1787 517 1835 553 ut
1851 517 2004 564 postea

169 583 425 632 rhapsodos,
448 583 635 622 libenter
662 583 882 622 credimus
898 585 1050 631 poetae
1070 583 1304 631 Odysseae,
1329 580 1497 620 ἀοιδοὺσ
1515 583 1630 621 inter
1647 582 1805 628 ξείνουσ
1822 592 1999 631 peregre

170 651 408 690 adventare
450 651 605 689 solitos
646 647 1058 699 commemorantib,
1101 650 1322 689 credimus
1358 652 1510 698 poetae
1543 650 1706 698 Iliadis,
1739 649 1997 697 Thamyrim

170 720 394 757 cantorem
427 717 640 756 Thracem
675 727 775 756 cum
807 717 1087 758 Thessaliam
1120 719 1216 756 tum
1250 718 1511 756 Messeniam
1541 717 1700 755 visisse
1732 717 1967 756 narrantic.

286 785 381 824 Non
425 785 576 824 adulta
608 787 773 834 autem,
808 787 855 824 ut
888 785 969 823 dea
1001 785 1210 833 Minerva,
1251 795 1273 824 e
1316 785 1432 824 Iovis
1475 784 1662 823 alicuius
1705 786 1846 833 capiie
1883 785 1998 823 inter

169 852 360 892 Graecos
383 852 588 901 prosiluit
624 852 748 891 Musa
775 852 910 900 epica,
940 854 1071 890 antea
1097 852 1142 890 in
1165 852 1295 891 terris
1322 853 1486 900 ignota,
1513 852 1590 890 sed
1618 853 1783 890 sensim
1803 852 1999 890 excrevit

168 930 307 968 neque
350 920 436 959 cito
477 920 530 959 ad
573 920 689 959 vires
729 920 926 967 integras
967 919 1178 958 floremve
1221 920 1381 958 aetatis
1414 920 1625 968 pervenit.
1657 919 1791 958 Nobis
1822 920 1995 966 quidem

167 987 220 1026 ab
251 987 456 1037 Homero,
490 987 639 1026 Iliadis
672 988 716 1026 et
744 1009 795 1015 -
825 987 910 1025 nisi
943 997 1094 1025 verum
1129 987 1333 1025 viderunt
1365 986 1403 1024 οἱ
1433 988 1664 1037 χωρίζοντεσ
1693 1009 1742 1014 -
1776 986 1995 1034 Odysseae

167 1052 340 1104 poetad,
376 1055 639 1094 Graecorum
673 1055 818 1103 poesis
847 1056 890 1093 et
920 1055 1042 1103 ipsae
1076 1055 1248 1094 litterae
1282 1055 1471 1093 Graecae
1504 1054 1665 1093 habent
1698 1054 1890 1101 initium,
1922 1053 1997 1092 sed

166 1124 210 1161 et
240 1125 342 1162 ante
374 1133 474 1161 eum
508 1124 662 1171 poetae
695 1122 903 1160 vixerunt
933 1121 1087 1160 multi:

758 1184 808 1239 ἦν
841 1188 1059 1239 ἐπικώμιοσ
1089 1189 1221 1239 ὕμνοσ

759 1255 808 1306 δὴ
841 1256 976 1306 πάλαι,
1006 1255 1073 1294 καὶ
1104 1255 1201 1307 πρὶν
1228 1255 1419 1309 γενέσθαι

817 1322 890 1362 τὰν
922 1324 1136 1374 Ἀδράστου

757 1390 828 1428 τάν
859 1405 897 1428 τε
930 1391 1145 1440 Καδμείων
1177 1390 1260 1440 ἔριν
1273 1399 1301 1431 θ.

283 1457 366 1496 Sed
397 1467 420 1496 e
451 1458 593 1506 prisco
620 1457 693 1496 illo
725 1468 833 1496 aevo
866 1458 974 1496 nihil
1003 1458 1127 1497 nobis
1154 1459 1227 1506 qui
1254 1468 1370 1497 nunc
1397 1459 1591 1497 vivimus
1617 1458 1805 1496 innotuit
1821 1460 1992 1506 praeter

163 1534 216 1563 ea
256 1534 365 1573 quae
397 1535 420 1564 e
452 1511 681 1564 ruderibus
715 1524 886 1564 effossis
918 1527 1157 1574 potuerunt
1189 1524 1316 1574 effici,
1348 1526 1545 1565 litterata
1575 1528 1721 1564 autem
1756 1535 1866 1572 quae
1896 1526 1994 1564 inde

163 1594 386 1640 protracta
430 1594 535 1631 sunt
581 1594 874 1631 monumenta
920 1592 1004 1640 legi
1051 1594 1264 1631 hactenus
1306 1603 1389 1632 non
1434 1595 1683 1642 potuerunt.
1716 1593 1859 1641 Ipsius
1890 1603 1992 1632 vero

164 1659 348 1700 Homeri
381 1660 632 1708 aequalium
660 1660 900 1707 imaginem
928 1660 1122 1699 referunt
1148 1662 1351 1699 cantores
1378 1670 1486 1708 quos
1511 1659 1584 1698 ille
1601 1660 1766 1708 pinxit:
1785 1660 1993 1698 Phemius

163 1726 209 1765 in
238 1727 357 1776 regia
389 1724 647 1766 Ithacensis
674 1729 716 1765 et
747 1726 1023 1766 Demodocus
1050 1727 1253 1766 Scheriae
1281 1728 1325 1766 in
1353 1728 1533 1766 aedibus
1559 1727 1758 1766 Alcinoiff
1784 1730 1991 1766 canentes

161 1794 215 1832 ad
254 1794 535 1833 delectandos
576 1794 798 1842 principes
840 1794 1084 1843 epulantes.
1117 1795 1260 1833 Etiam
1293 1795 1337 1834 in
1371 1795 1574 1834 caelestis
1606 1795 1722 1842 regis
1753 1794 1865 1833 atrio
1896 1805 1990 1833 con-

160 1861 288 1900 vivae
329 1861 693 1900 exhilarabantur
733 1858 920 1909 cantuh;
964 1872 1043 1901 nec
1084 1873 1170 1901 non
1214 1864 1365 1901 cantor
1396 1863 1448 1912 is,
1488 1863 1560 1910 qui
1590 1863 1787 1910 reginam
1820 1861 1992 1909 Clytae-

161 1930 376 1968 mestram
409 1929 590 1968 absente
620 1930 779 1968 marito
812 1929 1007 1968 consiliis
1038 1929 1330 1968 θεοπνεύστοισ
1365 1930 1530 1968 adiuvit
1544 1927 1569 1977 ί,
1606 1931 1793 1968 testatur
1826 1931 1989 1976 quanto

160 1995 205 2034 in
238 1996 401 2036 honore
433 1997 574 2045 prisco
607 1998 804 2045 tempore
838 1997 1000 2035 fuerint
1031 1992 1227 2045 poetaej.

280 2061 454 2100 Sensim
495 2065 645 2102 autem
688 2064 793 2102 dum
832 2063 1010 2102 exculta
1041 2066 1109 2102 est
1141 2074 1213 2102 ars
1245 2065 1368 2112 epica
1401 2065 1445 2102 et
1474 2065 1568 2112 ipse
1600 2074 1756 2103 versus
1788 2065 1988 2103 heroicus

162 2137 219 2166 ex
260 2128 400 2168 initiis
432 2130 621 2170 exilibus
652 2131 754 2170 talis
789 2132 990 2170 excrevit
1021 2131 1196 2179 qualem
1231 2141 1332 2170 eum
1365 2131 1586 2180 novimus,
1621 2131 1762 2170 multa
1793 2133 1991 2170 carmina

163 2197 256 2235 arte
297 2196 392 2235 sive
433 2198 601 2237 maiore
645 2199 740 2237 sive
785 2200 955 2238 minore
998 2200 1245 2248 composita
1286 2201 1330 2237 et
1372 2209 1445 2238 ore
1487 2201 1717 2238 cantorum
1750 2201 1991 2248 propagata

163 2272 261 2301 esse
292 2263 420 2303 facile
452 2264 579 2304 nobis
610 2265 835 2314 fingimus.
870 2266 951 2306 Illo
985 2277 1092 2306 aevo
1126 2269 1422 2315 cognomenta
1452 2267 1520 2305 dis
1551 2267 1691 2305 indita
1721 2269 1826 2305 sunt
1859 2267 1986 2316 talia,

162 2330 310 2377 qualia
341 2335 444 2370 sunt
477 2332 714 2371 Ποσειδάων
745 2335 964 2386 γαιίιροχοσ
996 2332 1237 2385 ἐνοσίγαιοσ,
1262 2334 1416 2384 βοῶπισ
1448 2333 1591 2371 πότνια
1607 2331 1729 2384 Ἥρη,
1757 2336 1987 2384 γλαυκῶπισ

163 2398 330 2436 Ἀθήνη.
370 2398 449 2438 Illo
491 2409 601 2440 aevo
643 2401 817 2450 Achilli,
862 2401 997 2450 Ulixi,
1041 2401 1247 2451 Menelao,
1291 2401 1484 2450 Hectori,
1528 2401 1721 2440 Helenae
1753 2402 1855 2440 data
1885 2403 1988 2440 sunt

161 2464 356 2514 epitheta
383 2465 514 2505 πόδασ
541 2464 662 2517 ὠκύσ,
686 2470 977 2518 πτολίπορθοσ,
1003 2469 1107 2519 βοὴν
1134 2467 1308 2520 ἀγαθόσ,
1330 2468 1620 2519 κορυθαιόλοσ,
1646 2468 1747 2506 Διὸσ
1764 2467 1988 2521 ἐκγεγαυῖα,

163 2532 252 2571 alia
276 2534 515 2583 complura,
545 2545 655 2583 quae
683 2537 849 2575 sensim
879 2547 976 2575 cum
1005 2537 1192 2585 propriis
1214 2537 1306 2575 suis
1324 2537 1578 2576 nominibus
1594 2537 1654 2575 ita
1671 2539 1986 2576 concreverunt

161 2601 211 2638 ut
256 2602 351 2639 tum
393 2611 564 2649 quoque
606 2603 677 2642 his
719 2607 821 2652 apta
864 2614 962 2642 esse
1002 2604 1254 2643 viderentur
1298 2614 1397 2643 cum
1440 2604 1626 2643 Achillis
1666 2604 1877 2643 velocitas
1913 2604 1982 2643 vel

248 2780 268 2799 a
291 2767 412 2801 Cretae
445 2770 576 2802 indicia
610 2781 688 2803 cum
724 2773 808 2803 Ilias
835 2776 909 2803 tum
934 2773 1088 2811 Odyssea.
1112 2773 1218 2803 habet
1241 2774 1403 2812 plurima,
1427 2776 1461 2803 et
1483 2775 1596 2812 ipsum
1619 2774 1731 2804 Ulixis
1752 2775 1909 2811 mythum
1932 2772 1981 2804 ibi

161 2823 281 2852 natum
314 2831 391 2853 esse
424 2822 562 2854 videtur
596 2826 829 2855 demonstrari
858 2834 972 2864 posse,
1004 2826 1046 2856 de
1073 2826 1327 2864 Boogschutter
1350 2836 1392 2856 en
1417 2826 1459 2856 de
1482 2827 1649 2857 Weefster
1673 2826 1769 2863 1904,
1794 2825 1982 2857 Comment.

162 2875 263 2904 Hom.
298 2876 396 2912 1911,
430 2877 472 2906 68
504 2885 597 2915 sqq.;
629 2878 766 2916 longius
797 2881 914 2909 autem
946 2887 1153 2916 progressus
1182 2879 1388 2909 Phaeaciam
1414 2877 1550 2908 Cretam
1575 2878 1662 2908 dixit
1682 2879 1829 2917 Dru-up,
1852 2880 1980 2910 Homer

164 2927 239 2957 135.
374 2928 391 2958 b
417 2941 434 2970 ρ
458 2930 523 2959 382
547 2938 623 2968 sqq.
759 2941 775 2961 c
800 2934 828 2960 B
849 2931 913 2961 594
937 2940 1014 2970 sqq.
1149 2931 1172 2962 d
1192 2931 1315 2962 Iliadis
1343 2934 1466 2970 poetae
1493 2932 1683 2968 Odysseam
1707 2933 1847 2962 strerue
1869 2941 1981 2970 nuper

161 2980 350 3011 vindicavit
384 2980 529 3012 Carolus
563 2983 674 3013 Bothe
711 2984 727 3013 ὁ
759 2987 949 3024 μακαρίτηο,
980 2984 1036 3014 die
1067 2985 1221 3023 Odyssee
1254 2985 1304 3014 als
1331 2985 1508 3021 Dichtung
1530 2985 1599 3013 und
1622 2984 1677 3014 ihr
1701 2984 1896 3015 Verbaltnis
1918 2993 1980 3014 zur

160 3033 385 3069 Ilias,.1914.
542 3044 559 3064 e
581 3033 679 3064 Pind.
704 3036 801 3066 Nem.
825 3034 907 3066 VIII
932 3037 984 3067 85.
1151 3037 1175 3074 f
1193 3049 1212 3066 α
1241 3038 1316 3074 154,
1340 3037 1404 3067 326
1429 3049 1446 3077 ρ
1471 3037 1535 3066 262
1554 3049 1576 3075 χ
1601 3039 1675 3067 330.
1828 3047 1850 3076 y
1875 3041 1900 3067 θ
1924 3040 1977 3071 44,

162 3085 203 3115 73
228 3094 306 3124 sqq.
439 3087 459 3117 Ιι
483 3090 517 3118 A
538 3089 612 3119 604.
748 3087 760 3118 i
784 3101 800 3126 γ
827 3089 902 3120 267.
1028 3088 1050 3128 j
1074 3090 1187 3119 Etiam
1217 3101 1233 3129 ρ
1259 3090 1322 3119 518
1347 3097 1423 3126 sqq.
1446 3089 1510 3118 hoc
1535 3093 1689 3128 apparet.
