2234 3443
271 139 351 176 156
564 148 618 177 DE
648 148 862 176 mamone
894 148 1099 178 1101111Νο111
1131 150 1480 178 OBSERVATIONES
1506 150 1771 179 GENERALES.
1881 143 1919 187 [ἓ
1937 141 2006 186 46,
2025 141 2079 179 47

271 260 476 309 Φθίκφια,
507 259 709 310 θύρηφιό,
739 260 907 312 ἀγέληφι
920 269 948 311 0,
980 259 1154 309 ὄρεσφιά
1182 263 1274 310 ipse
1311 265 1438 311 poeta
1468 263 1613 302 locum
1645 264 1863 302 indicasse
1895 264 2084 312 videtur,

265 336 427 365 novam
458 328 601 375 prisco
633 328 788 367 suffixo
817 330 905 368 vim
937 330 1136 368 tribuens
1150 336 1179 367 θ.

381 393 718 433 Restituendum
751 397 818 433 est
848 399 968 443 -φι(ν)
1001 396 1297 445 compluribus
1327 398 1478 435 textus
1501 397 1648 436 traditi
1675 397 1796 445 locis,
1825 397 1898 435 ubi
1923 397 2082 444 legitur

264 459 439 499 dativus
470 461 578 509 plur.
611 462 655 499 in
687 463 819 506 -κ(ι)σι
850 463 1055 501 desinens
1086 464 1276 502 nominis
1307 474 1540 502 numerum
1573 464 1786 512 pluralem
1814 475 1896 502 000
1925 464 2080 502 admit-

261 528 418 566 tentis:
467 527 724 577 ποδωκεΐηισι
769 525 1025 579 πεποιθώσί,
1062 536 1178 582 ι,ἴτ’ἷισι
1219 528 1530 579 προθῦμίκισιὲἰ,
1570 530 1852 582 ἀγκυορίκισιν
1887 527 2083 580 ἐνῆκασῆ,

262 592 487 632 &namium
519 594 707 642 δαμέντεσ
721 592 744 644 ί,
762 596 860 634 νόου
876 595 1223 648 πολιζριδριίκισιέ,
1240 597 1572 647 ἀεσιφροσύνκισι
1585 595 1616 647 k,
1633 595 1868 646 ἀφραδίκισι
1883 593 1905 636 ἶ.
1925 597 2080 635 Huius-

264 661 431 699 cemodi
476 662 584 700 locis
629 663 905 702 scribendum
951 667 1019 703 est
1064 673 1216 713 -ιιφιηῑ,
1260 666 1367 704 item
1410 665 1563 704 multis
1610 665 1716 704 locis
1763 664 1959 714 στήθεσφι
2002 674 2078 712 pro

263 727 453 777 στήθεσσι
466 736 496 765 ⁷².

380 858 408 914 ἓ
440 860 513 904 47.
546 863 754 912 Roganti:
787 865 923 913 „unde
935 864 982 903 :2''
1010 875 1096 904 non
1123 866 1266 906 solum
1293 868 1686 915 praepositionibus
1704 867 1893 916 genitivo
1910 865 2078 904 iunctis

260 929 614 979 respondebatur,
649 933 697 970 ut
727 935 892 980 postea,
926 933 1002 971 sed
1033 935 1167 972 etiam
1199 944 1278 982 ope
1309 935 1455 973 suffixi
1486 938 1594 983 -θεν,
1630 935 1696 973 cui
1729 937 1828 983 post
1859 941 2076 972 consonas

260 997 626 1044 praemittebatur
667 1009 804 1038 sonus
845 1011 886 1047 0;
927 1010 994 1039 ex.
1037 1011 1120 1048 gr.:
1171 1001 1385 1051 Τροίιιθεν,
1423 1002 1634 1054 μοίκοθεν,
1666 999 1814 1040 ἁλόθεν
1835 1007 1865 1050 0,
1897 999 2083 1047 ἠῶθενΡ,

260 1061 416 1111 ἐμέθεν,
447 1064 578 1112 σέθεν,
606 1064 734 1117 μέθεν
747 1073 776 1103 q.
805 1067 940 1115 Saepe
967 1071 1114 1107 autem
1143 1069 1222 1107 hoc
1243 1069 1450 1108 suffixum
1469 1070 1561 1108 vice
1587 1070 1753 1118 yenitivi
1775 1071 1842 1108 est
1858 1069 2078 1120 functum,

261 1131 329 1169 cui
361 1131 503 1170 locum
536 1133 669 1171 cessit
699 1143 806 1172 aevo
839 1135 1161 1182 posthomerico
1175 1144 1203 1174 r.

379 1199 506 1237 Haud
536 1210 633 1238 raro
659 1202 902 1249 praemissa
933 1205 1001 1241 est
1026 1204 1299 1251 praepositio:
1343 1202 1380 1250 ἐξ
1414 1200 1691 1253 Αὶσύμιιθενδ,
1721 1203 1799 1241 ἀπὸ
1836 1203 2079 1253 Τροίηθενί,

260 1261 340 1302 κατ’
376 1264 556 1313 ἅκρκθεν
572 1275 605 1315 u,
637 1264 700 1304 ἀπ’
735 1267 964 1319 οὐρανόθεν
978 1278 1007 1318 0,
1034 1269 1072 1316 ἐξ
1099 1270 1380 1321 οὐρανόθενῑθ,
1411 1269 1449 1317 ἐξ
1476 1269 1624 1310 ἁλόθεν
1637 1280 1670 1320 1,
1695 1273 1954 1320 praesertim
1980 1282 2077 1319 pro-

259 1333 482 1371 nominum
513 1333 666 1373 formis
699 1334 856 1385 ἐμέθεν,
886 1336 1019 1387 σέθεν,
1040 1337 1180 1389 μέθεν,
1210 1349 1319 1386 quae
1349 1340 1517 1386 yenitivz'
1537 1340 1731 1388 partibus
1757 1349 1972 1388 nusquam
1991 1349 2076 1378 non

258 1402 362 1438 sunt
405 1400 593 1441 functae.
641 1402 792 1451 Qualia
829 1405 1089 1444 conferenda
1119 1408 1223 1444 sunt
1255 1416 1354 1445 cum
1387 1408 1779 1455 praepositionibus
1811 1403 1874 1444 ὑπ’
1910 1405 1964 1444 ἐκ.
1996 1405 2074 1444 ἀπὸ

257 1467 346 1515 πρό,
372 1465 474 1516 ἀμφὶ
502 1469 592 1517 περί
617 1471 882 1510 coniunctim
909 1474 1132 1521 usurpatis
1145 1470 1180 1519 ij,
1211 1475 1254 1512 et
1280 1475 1423 1521 magis
1440 1475 1574 1520 etiam
1592 1474 1738 1513 simile
1757 1477 1822 1513 est
1839 1473 1897 1511 εἰσ
1915 1473 2034 1511 ἅλαδε
2047 1481 2078 1512 ².

376 1535 425 1573 In
467 1535 669 1584 loquendi
710 1538 909 1577 formulis
948 1539 1086 1578 οἰόθεν
1128 1535 1246 1578 offoca
1287 1543 1330 1579 et
1371 1540 1538 1579 αἰνόθεν
1579 1539 1739 1579 αἰνῶσῐ)
1774 1542 1838 1579 vis
1869 1541 2074 1579 adiectivi

258 1601 453 1641 iterando
487 1606 554 1642 est
584 1608 725 1646 aucta.

377 1670 593 1710 Adverbiis
623 1672 766 1718 πόθεν,
798 1672 908 1723 ὅθεν,
942 1672 1144 1723 ἐντεῦθεν,
1175 1673 1355 1724 ἐνθένδε,
1385 1676 1483 1715 aliis
1516 1676 1722 1715 suffixum
1758 1680 1853 1714 -θεν
1887 1679 1930 1714 et
1963 1677 2075 1723 post·

258 1736 386 1774 modo
428 1739 635 1777 mansitc.
678 1739 869 1788 Quorum
911 1741 1217 1781 adverbiorum
1259 1753 1393 1782 sonus
1434 1742 1577 1782 finalis
1617 1759 1659 1779 -v
1696 1745 1739 1782 in
1771 1744 1919 1792 lingua
1953 1743 2074 1791 epica

256 1805 427 1850 poterat
453 1805 575 1854 abici,
604 1808 775 1854 poterat
801 1809 936 1847 etiam
964 1809 1144 1848 elisione
1172 1810 1388 1849 decurtari
1415 1811 1620 1850 suffixum
1649 1812 1712 1850 sic
1729 1807 2072 1857 imminutumd;

257 1879 324 1909 ex.
357 1881 442 1918 gr.:
477 1873 740 1922 καθύπερθεν
754 1881 785 1923 θ,
816 1876 1055 1926 καθύπερθε
1070 1876 1094 1926 f,
1125 1873 1353 1926 καθύπερθ’
1370 1884 1403 1915 g„

374 1937 685 1979 Substantivum
718 1952 819 1982 vero
851 1954 957 1982 sono
986 1959 1006 1981 v
1024 1945 1287 1984 destitutum
1308 1945 1484 1994 Τροίκθε
1501 1946 1674 1995 μολόντα
1691 1947 1827 1985 errori
1844 1945 2024 1985 debetur
2038 1943 2073 1984 h.

344 2097 363 2116 a
392 2090 419 2116 T
438 2089 513 2117 323.
696 2089 712 2118 b
736 2102 744 2119 ι
771 2091 834 2119 238
859 2102 882 2128 χ
909 2092 972 2120 220
997 2091 1013 2125 ξ
1037 2092 1115 2122 352.
1293 2102 1309 2123 c
1336 2096 1362 2122 Β
1388 2095 1451 2123 480
1479 2097 1511 2123 Π
1533 2094 1608 2124 487.
1766 2093 1790 2123 d
1809 2095 1839 2122 A
1868 2094 1931 2122 474
1960 2095 1990 2121 T
2009 2093 2073 2123 376

255 2141 290 2168 X
313 2140 388 2176 139,
413 2141 488 2170 189.
637 2151 653 2171 e
676 2141 787 2180 Magis
811 2144 934 2174 mirum
959 2144 1048 2174 foret
1071 2146 1193 2185 ἑτέρηφι
1217 2146 1410 2176 nominativi
1431 2147 1507 2177 loco
1531 2149 1736 2186 usurpatum
1759 2147 1838 2177 Hes.
1867 2147 1968 2185 Oper.
1996 2147 2072 2183 216,

253 2191 345 2228 quod
369 2193 546 2230 perhibuit
576 2195 792 2225 Herodianus
819 2196 942 2234 (schol.
969 2200 994 2226 Β
1019 2199 1084 2227 233
1109 2201 1141 2227 Ν
1162 2199 1256 2236 588);
1281 2199 1342 2228 sed
1365 2208 1430 2229 non
1456 2201 1502 2229 ita
1528 2199 1688 2229 deliravit
1711 2204 1824 2238 poeta.
1850 2199 2062 2228 Adverbium

247 2243 400 2282 perendie
429 2246 555 2276 suffixo
584 2259 651 2286 .φιν
680 2251 837 2278 ornatum
870 2251 922 2279 est
953 2250 1032 2280 Hes.
1058 2250 1159 2288 Oper.
1184 2252 1265 2281 410:
1289 2253 1337 2281 εἴσ
1361 2252 1384 2281 τ’
1411 2252 1519 2293 αὔριον
1541 2254 1588 2282 εἴσ
1614 2253 1637 2281 τ’
1665 2254 1770 2291 ἔννηφι
1793 2253 1879 2290 (Att.
1905 2254 1951 2281 εἰσ
1976 2248 2071 2291 ἕνην),

254 2297 396 2327 vocibus
426 2300 474 2327 ἐπὶ
506 2299 641 2339 δεξιόφιν
672 2302 707 2330 et
735 2301 781 2330 ἐπ’
814 2303 1014 2342 ἀριστερόφιν
1040 2307 1071 2333 Ν
1092 2305 1155 2333 308
1181 2313 1232 2342 sq.
1257 2305 1310 2342 (=
1338 2303 1402 2345 -οῦ)
1424 2305 1601 2335 accusativi
1622 2306 1673 2335 vis
1697 2314 1880 2344 perperam
1902 2304 2069 2334 tribuitur

252 2349 287 2378 in
312 2350 418 2380 schol.
442 2354 474 2380 N
503 2353 577 2382 588.
610 2353 680 2382 Vox
703 2356 854 2394 ὠρανίᾶφι
878 2353 1036 2384 Alcmani
1058 2365 1120 2394 pro
1142 2357 1286 2387 vocativo
1309 2355 1510 2398 (Ξούραιιᾱ)
1535 2358 1641 2388 fuisse
1667 2358 1775 2388 fertur
1801 2357 1924 2396 (schol.
1951 2360 1977 2386 B
2003 2357 2066 2386 233

255 2405 285 2432 N
309 2403 384 2439 588,
407 2405 564 2443 Apollon.
588 2407 735 2436 Adverb.
761 2406 851 2447 575),
874 2407 910 2436 id
935 2417 1014 2438 vero
1041 2409 1174 2439 creditu
1199 2410 1335 2440 durum.
1527 2411 1551 2448 f
1571 2414 1597 2440 Β
1623 2412 1698 2440 792.
1895 2420 1916 2449 9
1942 2413 1970 2439 Β
1995 2410 2071 2439 588·

386 2455 406 2485 lz
430 2461 449 2486 I
472 2458 545 2488 700.
703 2471 715 2490 ι
739 2464 767 2490 Ζ
793 2461 846 2492 74.
1000 2461 1021 2500 j
1044 2467 1065 2501 μ
1089 2464 1171 2498 3463
1195 2463 1306 2493 simile
1330 2471 1358 2495 Ψ
1384 2464 1435 2494 77.
1618 2464 1638 2493 k
1663 2477 1678 2494 ο
1703 2465 1779 2494 470.
1940 2463 1953 2493 l
1974 2476 1991 2492 κ
2017 2463 2068 2492 27.

386 2520 414 2538 m
438 2511 582 2549 Bekker,
606 2512 673 2542 alii.
812 2524 831 2543 n
859 2517 885 2543 Β
905 2516 968 2544 416
983 2516 1038 2550 al„
1052 2516 1073 2544 1.
1087 2524 1116 2544 a.
1132 2518 1159 2544 Β
1175 2516 1239 2545 388
1255 2518 1295 2545 Μ
1309 2517 1370 2546 401
1385 2527 1407 2545 π
1423 2517 1496 2546 174.
1516 2517 1676 2547 Etiamne
1689 2520 1852 2555 παλάμηφι
1866 2525 1927 2555 pro
1941 2518 2072 2553 -uqigyoz

254 2563 280 2590 E
302 2562 363 2591 591
389 2561 454 2592 {il-P
585 2574 603 2594 o
625 2565 712 2595 Item
737 2569 920 2602 πάντ-σθεν,
943 2571 1158 2603 λειμωνόθεν,
1183 2571 1329 2603 Δι-όθεν,
1353 2572 1539 2609 aurp-(59³7.
1672 2581 1693 2610 p
1718 2570 1736 2609 ξ
1764 2571 1815 2600 77.
1951 2579 1968 2608 q
1984 2571 1999 2605 ἓ
2015 2569 2067 2597 92·

385 2626 402 2643 r
431 2615 471 2645 In
498 2615 663 2648 demoticis
693 2620 832 2658 mansit,
864 2629 914 2649 ex.
946 2630 996 2658 gr.
1019 2623 1217 2651 Κικυννόθεν
1239 2622 1295 2651 Ar.
1319 2622 1407 2652 Nub.
1433 2624 1506 2659 134,
1530 2624 1711 2663 Ὠρωπόθεν
1738 2622 1842 2652 inser.
1870 2623 1943 2652 Ion.
1968 2621 2069 2650 5313.

385 2677 401 2697 8
427 2670 453 2699 Θ
478 2670 552 2699 304.
736 2673 748 2701 t
770 2673 801 2701 Ω
826 2674 889 2702 492
915 2672 958 2703 al.
1156 2684 1177 2704 u
1201 2678 1234 2704 Π
1258 2676 1321 2705 548
1346 2679 1360 2704 λ
1387 2677 1450 2706 588
1475 2676 1508 2705 h.
1532 2674 1606 2706 Cer.
1632 2677 1713 2712 1823
1738 2678 1818 2706 κατὰ
1842 2679 1958 2715 κρῆθεν
1982 2674 2069 2703 ΗΘΒ-

253 2720 382 2758 Theog.
407 2722 471 2751 574
506 2720 593 2760 Clip.
619 2724 648 2758 7,
673 2724 690 2761 ς
716 2721 783 2754 821.
939 2736 956 2755 v
984 2712 1010 2756 ὼ
1036 2727 1099 2756 365
1124 2727 1166 2756 al.
1325 2737 1351 2757 w
1379 2730 1405 2758 e
1432 2730 1470 2758 19
1485 2729 1529 2758 ει.
1663 2740 1686 2759 ε
1711 2729 1899 2763 t1>335al.;
1916 2728 2064 2757 etiamne

252 2772 305 2800 ἀπ’
330 2771 443 2812 (codd.
467 2775 529 2815 ἄρ’)
553 2777 697 2806 amsa
718 2780 746 2806 A
772 2777 858 2807 520?
994 2778 1018 2817 {j
1042 2780 1059 2817 ς
1084 2780 1158 2809 317.
1316 2790 1333 2810 ε
1357 2793 1374 2810 κ
1399 2781 1475 2820 351,
1500 2782 1516 2818 5
1541 2782 1594 2812 49.
1753 2791 1771 2811 a
1796 2785 1830 2811 H
1849 2782 1900 2820 39,
1915 2781 1977 2809 226
1991 2779 2065 2816 (Ap.

252 2825 359 2855 Rhod.
384 2827 437 2856 III
462 2829 546 2858 1169
571 2829 616 2858 1v
641 2831 716 2865 418,
744 2831 852 2867 1198).
1033 2832 1054 2861 b
1081 2836 1111 2861 Η
1135 2833 1188 2862 97.
1366 2842 1383 2863 0
1407 2834 1582 2864 Delbrfiok
1604 2835 1802 2873 suspicatus
1826 2837 1878 2864 est
1902 2832 2065 2862 suffixum

249 2882 323 2907 --θεν
346 2878 506 2916 primitus
528 2881 610 2911 solis
627 2881 868 2921 pronominibus
890 2883 997 2913 fuisse
1021 2885 1197 2923 proprium
1221 2885 1384 2925 (αὐτόθεν,
1408 2888 1529 2923 ἐμέθεν,
1551 2891 1668 2924 κεῖθεν,
1691 2887 1761 2926 aL),
1785 2888 1862 2916 hinc
1886 2885 2067 2923 irrepsisse

250 2926 284 2959 in
309 2930 486 2962 flexionem
507 2932 777 2965 substantivorum
802 2944 947 2973 quorum
968 2937 1074 2975 stirps
1088 2938 1121 2966 in
1135 2949 1150 2967 ο
1164 2938 1342 2968 desinebat
1357 2937 1520 2979 (ἀγρόθεν,
1531 2940 1661 2975 θεόθεν,
1674 2941 1744 2977 aL),
1759 2941 1836 2969 dein
1851 2942 1884 2969 et
1898 2938 2067 2977 stirpibus

250 2983 283 3012 in
318 2995 337 3012 α
371 2984 423 3013 vel
457 2986 490 3014 in
526 2994 709 3017 consonam
745 2987 986 3018 desinentibus
1019 2991 1211 3020 accrevisse
1249 2990 1431 3031 (ἀγορῆθεν,
1461 2994 1634 3032 πατρόθεν,
1670 2991 1739 3032 aL),
1764 2991 1802 3024 G.
1832 2990 1965 3030 Meyer²
1989 2993 2065 3022 385.
2110 2991 2115 2994 “

385 3037 406 3065 d
430 3037 449 3075 ξ
474 3039 514 3067 29
539 3047 590 3076 sq.
725 3050 742 3070 e
769 3043 796 3070 B
822 3041 884 3070 ’754
910 3042 952 3071 al.
1089 3044 1103 3072 f
1126 3046 1167 3072 M
1192 3044 1253 3073 153
1279 3044 1322 3074 al.
1479 3054 1500 3082 g
1524 3047 1567 3074 M
1590 3046 1653 3075 286
1679 3046 1721 3075 al.
1887 3046 1909 3075 h
1933 3045 1964 3074 Ω
1990 3047 2066 3084 492,

250 3090 342 3118 recte
378 3089 399 3117 l.
435 3099 464 3118 a.
495 3094 568 3120 -θεν
600 3092 697 3121 iana.
731 3093 952 3123 Recentiores
985 3094 1145 3125 dixerunt
1175 3096 1320 3135 ὕντροθε,
1353 3101 1525 3137 ηρώιρᾶθε,
1550 3100 1736 3131 Σικυωνόθε,
1760 3094 1913 3138 μάτροθε,
1938 3097 2065 3128 similia
