2234 3443
265 174 350 212 258
718 183 774 212 DE
804 182 1041 212 Austrum-o
1074 183 1124 211 ΕΤ
1155 182 1210 210 ΒΕ
1240 182 1631 212 REDUPLIGATIONE.
1924 174 1962 220 [ξ
2001 174 2088 213 130

263 297 307 335 in
348 305 382 333 ῑ-
423 296 543 347 abiit,
591 300 634 335 ὕ-
665 299 708 336 in
747 305 805 336 ῠ-.
846 296 998 346 Qualia
1040 296 1246 344 quoniam
1285 296 1329 334 in
1370 296 1637 334 carminibus
1679 295 1812 344 epicis
1843 296 1959 335 haud
1989 306 2088 336 rara

263 365 409 412 sunta,
453 366 575 412 patet
616 366 906 413 augmentum
950 364 1021 402 diu
1065 364 1166 401 ante
1203 364 1396 401 aetatem
1430 362 1610 401 Homeri
1641 363 1758 401 certo
1790 373 1872 401 usu
1902 361 2091 402 firmiter

262 429 509 470 stabilitum
541 432 691 471 fuisse.

381 498 464 536 Sed
494 498 537 536 in
566 498 835 537 carminibus
867 497 1001 545 epicis
1033 506 1164 545 saepe
1196 498 1265 535 est
1296 496 1561 544 neglectum.
1596 495 1727 534 Cuius
1758 496 1820 534 rei
1848 506 1979 535 causa
2004 496 2092 536 suit.

261 567 457 603 metrum.
500 565 548 603 In
593 565 726 603 Iliade
768 566 810 602 et
847 564 890 602 in
924 563 1122 610 Odyssea
1153 563 1359 610 quintum
1390 562 1589 610 quodque
1625 561 1871 611 verborum,
1900 573 2085 610 quorum

261 632 489 679 augmenti
530 632 641 670 ratio
685 641 771 669 non
815 635 882 669 est
923 630 1086 678 habita,
1130 629 1392 668 collocatum
1436 631 1504 668 est
1533 639 1677 668 versus
1708 629 1836 678 initio,
1872 639 1952 676 qua
1988 630 2093 669 sede

260 698 432 746 syllaba
473 698 657 737 initialis
698 698 828 736 metri
860 697 1160 744 antiquissimi
1200 697 1243 734 in
1292 696 1494 735 versibus
1539 696 1809 735 hexametris
1850 706 2089 746 suppressa

262 767 330 804 est
345 763 375 804 b.
409 764 656 813 Aphaeresie
687 764 848 812 igitur0
880 764 1133 812 agnoscitur
1164 764 1208 801 in
1241 764 1321 802 hoc
1353 773 1507 801 versu:

558 831 660 881 (ἑ)βῆ
693 827 731 868 δ’
769 829 898 868 ἀκέων
929 829 1039 879 παρὰ
1071 833 1170 868 θῖνα
1203 830 1522 880 πολυφλοίσβοιο
1553 826 1803 867 θαλάσσκσίί

260 898 500 946 multisque
542 898 653 948 aliis,
697 907 835 944 neque
877 895 1090 936 reticuisse
1129 896 1345 935 initialem
1388 906 1547 935 sonum
1595 899 1725 945 poeta
1765 897 2092 936 existimandus

259 967 343 1014 est,
369 965 445 1003 sed
478 965 541 1003 ita
572 965 809 1013 protulisse
839 966 887 1003 ut
919 964 1115 1012 syllabas
1146 963 1310 1003 elisione
1341 964 1595 1002 offuscatas.
1627 964 1720 1002 Hae
1752 974 1922 1012 quoque
1953 975 2085 1012 quam

259 1032 521 1071 brevissime
561 1032 905 1071 enuntiabantur
946 1034 988 1070 et
1027 1031 1164 1070 veluti
1205 1032 1387 1070 aberant
1432 1033 1709 1080 praesentes:
1743 1032 1923 1070 auribus
1953 1032 2085 1080 perci-

258 1099 530 1147 piebanture,
564 1109 649 1138 non
692 1100 1062 1146 numerabantur;
1111 1099 1384 1137 sententiam
1429 1098 1676 1148 explebant,
1721 1109 1806 1138 non
1848 1099 2089 1139 onerabant

258 1168 473 1213 metrum3
507 1166 637 1204 utiles
667 1168 794 1205 erant
825 1165 1120 1214 audientibus,
1153 1166 1268 1204 haud
1301 1165 1519 1204 molestae
1547 1163 1761 1205 canentis.

377 1234 537 1272 Eadem
578 1236 684 1272 sunt
723 1234 905 1273 dicenda
943 1234 994 1272 de
1035 1234 1178 1281 prima
1214 1236 1306 1282 post
1348 1243 1570 1272 caesuram
1607 1232 1867 1280 femininam
1899 1233 2082 1282 syllaba,

257 1311 368 1348 quae
414 1311 623 1340 versuum
670 1301 796 1339 sedes
843 1311 952 1339 aevo
999 1300 1326 1338 antehomerico
1374 1300 1526 1339 eodem
1574 1300 1666 1338 iure
1712 1299 1957 1339 habebatur
2002 1310 2092 1348 quo>

259 1369 506 1407 hexametri
538 1369 757 1407 initiumy.
790 1368 869 1407 Ex.
902 1379 966 1415 gr.
1000 1377 1167 1416 versus,
1202 1367 1275 1415 qui
1303 1368 1366 1406 sic
1399 1370 1467 1407 est
1497 1367 1709 1406 traditus:

545 1432 711 1482 ’νίψατο
744 1431 782 1471 δ’
820 1433 942 1473 αὐτὸσ
975 1437 1123 1485 χεῖρασ,
1154 1432 1363 1483 ἀφύσσατο
1396 1431 1432 1472 δ’
1470 1434 1626 1472 αἴθοπα
1658 1436 1833 1486 (poium)
1846 1430 1879 1483 7²,

255 1511 283 1539 a
314 1504 444 1550 poeta
477 1503 540 1542 sic
570 1503 890 1551 proferebatur:

552 1568 717 1619 ἐνίψατο
750 1566 788 1607 δ’
825 1568 950 1607 αὐτὸσ
981 1571 1129 1619 χεῖρασ,
1161 1566 1206 1607 ιἰ-
1239 1572 1315 1608 aut
1347 1565 1583 1617 ἄφύσσατοῖ
1615 1564 1656 1607 δ’
1694 1567 1852 1606 αἴθοπα
1883 1570 2044 1620 ροῑνον,

255 1637 333 1675 sed
373 1637 436 1676 ita
476 1638 523 1675 ut
563 1647 702 1685 neque
744 1638 967 1685 integrum
1010 1636 1206 1683 syllabae
1248 1636 1393 1675 brevis
1434 1637 1604 1685 pondus
1635 1635 1817 1674 haberet
1849 1635 2014 1674 vocalis
2046 1632 2082 1673 ἐ-

255 1714 396 1751 neque
436 1704 590 1752 longae
631 1704 826 1752 syllabae
864 1704 1033 1752 pondus
1066 1713 1202 1742 sonus
1236 1700 1279 1740 ἠ-
1313 1703 1380 1742 vel
1412 1699 1455 1740 6}—
1468 1700 1501 1742 j.
1535 1703 1588 1741 Et
1621 1703 1799 1742 omnino
1831 1703 2082 1751 suppressio

256 1771 484 1818 augmenti
524 1774 623 1819 post
664 1781 885 1810 caesuram
927 1780 1007 1809 nec
1049 1780 1134 1809 non
1169 1773 1269 1819 post
1295 1771 1443 1818 pedem
1475 1773 1678 1818 quartum
1711 1770 1825 1808 haud
1857 1770 2083 1809 molestior

255 1840 350 1876 erat
380 1848 511 1886 quam
544 1838 691 1877 hiatus
705 1836 737 1877 lc.
771 1839 913 1877 Etiam
956 1839 1056 1886 post
1079 1838 1272 1885 primum
1298 1838 1511 1887 dactylum
1550 1838 1748 1876 concessi
1774 1838 1874 1885 quid
1892 1837 2080 1876 habebat

254 1905 481 1952 augmenti
512 1904 712 1952 syllabici
745 1905 1010 1953 aphaeresis,
1046 1905 1254 1951 quoniam
1281 1905 1540 1944 hexameter
1570 1904 1647 1943 illa
1678 1914 1848 1952 quoque
1878 1904 1980 1943 sede
2012 1904 2082 1942 ad·

254 1972 459 2011 mittebat
491 1983 674 2020 pausam
691 1970 714 2011 l.

373 2040 510 2079 Multa
545 2041 692 2078 autem
728 2039 873 2091 verba,
906 2040 950 2078 in
989 2040 1057 2077 his
1091 2040 1401 2078 vetustissima
1438 2039 1663 2088 complura
1695 2041 1738 2077 et
1768 2038 2079 2092 usitatissima,

251 2108 392 2145 metro
439 2106 655 2154 dactylico
704 2107 904 2156 adaptari
953 2107 1027 2144 vix
1067 2108 1143 2145 aut
1185 2117 1238 2145 ne
1282 2108 1356 2145 vix
1395 2108 1573 2154 quidem
1605 2108 1807 2155 poterant
1839 2108 2079 2154 augmento

252 2173 412 2221 addito,
449 2183 517 2212 ex.
551 2183 637 2221 gr.:

369 2243 476 2285 (οω-
532 2240 601 2279 vel
647 2243 755 2285 ccco)
797 2238 1013 2290 ἐφερόμην,
1058 2239 1277 2290 ἐπιθόμην,
1322 2239 1569 2291 ἕκεχάροντο,
1615 2238 1867 2289 ἐκεκάδοντο,
1912 2238 2080 2291 ἐγένετο,

248 2305 432 2355 ἐδύνατο,
462 2306 635 2357 ἐβάλετο,
666 2306 836 2358 ἐκέχυτο,
867 2306 1073 2357 ἐλέλαθον,
1103 2306 1277 2358 ἐνέβαλε,
1307 2306 1477 2346 ἐνέπεσε.

369 2375 463 2414 (coc)
497 2373 670 2423 ἔπαθον,
715 2373 865 2426 ἔρδον,
895 2373 1059 2423 ἔλαθον,
1091 2373 1250 2424 ἔταμον,
1281 2373 1410 2425 ἔβαλε,
1435 2373 1560 2425 ἔφερε.

338 2560 357 2579 α
383 2551 462 2579 Soni
487 2562 514 2579 ε-
539 2553 573 2579 et
597 2562 626 2579 ο-
652 2556 840 2588 augmento
865 2552 898 2580 in
923 2551 1134 2581 carminibus
1160 2549 1270 2590 epicis
1297 2560 1401 2589 saepe
1426 2553 1509 2581 sunt
1530 2549 1703 2589 producti,
1728 2559 1832 2580 sonus
1856 2555 1881 2580 ἴ·
1903 2551 1937 2579 in
1964 2550 2076 2580 verbis

245 2598 332 2631 ἵκανε
364 2603 398 2631 Λ
433 2603 495 2631 431
533 2603 587 2637 al.,
622 2598 686 2632 ἵκεο
735 2607 750 2631 l
777 2603 817 2632 56
853 2604 907 2639 al„
939 2599 1020 2633 ἵκετο
1051 2605 1085 2633 A
1118 2605 1182 2633 362
1214 2604 1270 2640 al„
1299 2599 1413 2634 {alveto
1445 2616 1462 2633 κ
1501 2605 1577 2639 359,
1608 2599 1727 2641 ἐπίηλεν
1761 2615 1783 2640 χ
1809 2603 1864 2639 49,
1902 2611 2006 2632 sonus
2043 2604 2074 2632 ῦ-

244 2655 374 2691 (ὐλάειν,
412 2654 565 2693 ὑφαίνειν)
601 2664 791 2692 nusquam;
828 2665 940 2693 pauca
971 2657 1134 2686 videlicet
1162 2657 1281 2694 lingua
1305 2656 1437 2686 Graeca
1461 2655 1586 2686 habuit
1612 2656 1718 2685 verba
1743 2655 1784 2685 ab
1809 2660 1833 2685 ῖ-
1859 2655 1912 2685 vel
1938 2658 1968 2685 ῦ-
1992 2656 2074 2684 inci·

246 2707 389 2747 pierius,
412 2705 551 2736 Curtius
575 2707 726 2737 Verbum
751 2704 780 2736 Ι2
809 2709 870 2736 133
898 2717 948 2744 sq.
1140 2708 1156 2737 h
1181 2710 1263 2746 Pag.
1289 2709 1328 2738 47
1356 2718 1408 2745 sq.
1595 2717 1611 2738 c
1634 2709 1651 2745 ἓ
1681 2710 1729 2738 11.
1916 2706 1939 2736 d
1959 2709 1993 2736 A
2019 2708 2073 2737 34.

379 2769 395 2788 e
419 2759 551 2789 Gellius
577 2759 659 2788 XIII
686 2761 723 2788 21
759 2759 864 2788 verba
889 2760 1030 2796 Vergilii
1064 2760 1178 2790 turrim
1213 2761 1247 2789 in
1265 2759 1443 2799 praecipiti
1465 2762 1604 2790 stantem
1629 2760 1843 2790 iucundioris
1867 2759 2074 2797 gracilitatis

244 2819 321 2839 ese<-
343 2814 390 2840 ait
409 2820 511 2848 quam
533 2813 561 2841 si
584 2820 644 2849 per
664 2821 680 2840 e
701 2820 825 2841 sonum
847 2812 942 2840 dicas
964 2813 1093 2841 turrem.
1247 2813 1270 2850 f
1289 2813 1469 2842 Eiusmodi
1489 2813 1713 2842 hexametros
1732 2811 1841 2851 prisci
1859 2812 2075 2849 grammatici

244 2866 463 2903 προκεφάλουσ
487 2863 667 2899 vocabant,
691 2863 799 2892 schol.
826 2863 1017 2901 Hephaest.
1046 2866 1106 2893 149
1132 2867 1167 2893 et
1193 2866 1251 2894 181
1280 2865 1389 2894 Gaias.
1537 2875 1559 2904 9
1583 2863 1664 2902 Pag.
1693 2866 1746 2894 48.
1899 2863 1918 2892 Ιι
1943 2868 1974 2893 Π
1998 2865 2074 2894 230.

378 2915 390 2944 i
413 2916 452 2944 In
476 2918 572 2945 textu
596 2915 722 2945 tradito
747 2924 868 2945 sonum
895 2920 928 2943 α’-
951 2924 992 2944 ex
1014 2909 1046 2944 ἆ·
1072 2917 1155 2945 fecit
1176 2918 1400 2954 augmentum
1424 2916 1604 2946 verborum
1627 2914 1700 2946 ἆλτο
1720 2918 1737 2954 ξ
1761 2914 1855 2946 15040
1874 2918 1908 2945 et
1927 2910 1984 2944 &aa
1981 2918 2072 2954 ’ἀμην

243 2966 262 3003 5
287 2964 378 3005 287¹,
404 2968 422 3005 §
444 2968 461 2996 5
485 2976 537 3005 sq.
663 2978 681 3005 y
705 2968 760 2997 Sic
782 2966 978 3005 imperiecti
1002 2969 1038 3004 ἠμ
1044 2971 1142 3006 είρῆιτο
1163 2969 1295 3005 syllaba
1320 2967 1465 2998 initialis
1489 2970 1666 3006 octoginta
1686 2970 1874 2998 carminum
1897 2968 2074 3005 epicorum

241 3019 328 3047 locis
358 3020 491 3057 integra
523 3023 577 3050 est
608 3023 754 3055 servata,
786 3018 971 3049 imminuta
1004 3022 1117 3049 autem
1152 3019 1373 3058 potissimum
1397 3023 1476 3059 post
1495 3030 1691 3051 caesuram:
1716 3024 1747 3050 Γ
1768 3022 1842 3056 171,
1866 3021 1928 3049 228
1956 3023 1985 3048 Ν
2008 3020 2072 3049 823

241 3071 259 3098 d
279 3071 356 3106 3⁸2,
377 3073 440 3101 398
461 3085 470 3101 ι
493 3073 566 3107 272,
587 3073 663 3112 287,
684 3074 747 3101 368
770 3075 785 3100 λ
811 3073 884 3106 180,
906 3072 981 3106 215,
1005 3072 1067 3100 563
1089 3084 1109 3108 μ
1135 3074 1208 3102 115.
1229 3072 1421 3110 Compositi
1443 3082 1524 3103 vero
1540 3074 1730 3113 ἀντημείβετο
1747 3080 2072 3109 εουυεηηιιηεμηιω

241 3132 309 3153 non
333 3127 385 3153 est
408 3123 624 3161 imminutus,
644 3126 725 3162 quia
744 3126 916 3161 integrum
939 3133 1005 3153 non
1026 3124 1259 3154 admittebant
1280 3127 1426 3155 numeri.
1573 3125 1592 3154 lc
1616 3126 1633 3163 ξ
1662 3126 1712 3155 15.
1850 3123 1863 3153 l
1885 3125 1967 3158 Pag.
1993 3124 2070 3154 ὅδε.
