<?xml version="1.0" encoding="UTF-8"?>
<!DOCTYPE html PUBLIC "-//W3C//DTD XHTML 1.0 Transitional//EN"
    "http://www.w3.org/TR/xhtml1/DTD/xhtml1-transitional.dtd">
<html xmlns="http://www.w3.org/1999/xhtml" xml:lang="en" lang="en">
 <head>
  <title>
</title>
<meta http-equiv="Content-Type" content="text/html;charset=utf-8" />
  <meta name='ocr-system' content='tesseract 3.04.00' />
  <meta name='ocr-capabilities' content='ocr_page ocr_carea ocr_par ocr_line ocrx_word'/>
</head>
<body>
  <div class='ocr_page' id='page_1' title='image "./enchiridiumdicti00leeuuoft_0409.png"; bbox 0 0 2234 3443; ppageno 0'>
   <div class='ocr_carea' id='block_1_1' title="bbox 178 171 2000 228">
    <p class='ocr_par' dir='ltr' id='par_1_1' title="bbox 178 171 2000 228">
     <span class='ocr_line' id='line_1_1' title="bbox 178 171 2000 228; baseline -0.005 -8"><span class='ocrx_word' id='word_1_1' title='bbox 178 183 204 228; x_wconf 68' lang='grc'><strong>5</strong></span> <span class='ocrx_word' id='word_1_2' title='bbox 235 182 335 228; x_wconf 83' lang='lat'>317,</span> <span class='ocrx_word' id='word_1_3' title='bbox 370 181 473 226; x_wconf 85' lang='lat'>318]</span> <span class='ocrx_word' id='word_1_4' title='bbox 832 188 886 216; x_wconf 71' lang='lat' dir='ltr'>nr:</span> <span class='ocrx_word' id='word_1_5' title='bbox 918 186 1346 216; x_wconf 75' lang='lat' dir='ltr'>PRAEPOSITIONIBUS.</span> <span class='ocrx_word' id='word_1_6' title='bbox 1915 171 2000 210; x_wconf 84' lang='lat'>385</span> 
     </span>
    </p>
   </div>
   <div class='ocr_carea' id='block_1_2' title="bbox 176 298 2003 954">
    <p class='ocr_par' dir='ltr' id='par_1_2' title="bbox 176 298 2003 954">
     <span class='ocr_line' id='line_1_2' title="bbox 830 298 1311 355; baseline -0.01 -13"><span class='ocrx_word' id='word_1_7' title='bbox 830 299 948 355; x_wconf 78' lang='grc' dir='ltr'><strong>ἀμφὶ</strong></span> <span class='ocrx_word' id='word_1_8' title='bbox 978 298 1079 353; x_wconf 81' lang='grc' dir='ltr'><strong>περὶ</strong></span> <span class='ocrx_word' id='word_1_9' title='bbox 1109 301 1267 349; x_wconf 68' lang='grc' dir='ltr'><em>κρήνην</em></span> <span class='ocrx_word' id='word_1_10' title='bbox 1279 307 1311 338; x_wconf 71' lang='grc' dir='ltr'>α.</span> 
     </span>
     <span class='ocr_line' id='line_1_3' title="bbox 824 363 1395 419; baseline -0.009 -11"><span class='ocrx_word' id='word_1_11' title='bbox 824 368 974 408; x_wconf 82' lang='grc' dir='ltr'><strong>τυτθὸν</strong></span> <span class='ocrx_word' id='word_1_12' title='bbox 1004 365 1095 408; x_wconf 82' lang='grc' dir='ltr'>ἀπὸ</span> <span class='ocrx_word' id='word_1_13' title='bbox 1128 368 1213 419; x_wconf 83' lang='grc' dir='ltr'>πρὸ</span> <span class='ocrx_word' id='word_1_14' title='bbox 1250 372 1352 405; x_wconf 84' lang='grc' dir='ltr'>νεῶν</span> <span class='ocrx_word' id='word_1_15' title='bbox 1366 363 1395 404; x_wconf 74' lang='grc' dir='ltr'>ὖ.</span> 
     </span>
     <span class='ocr_line' id='line_1_4' title="bbox 830 430 1398 484; baseline -0.005 -10"><span class='ocrx_word' id='word_1_16' title='bbox 830 430 930 484; x_wconf 81' lang='grc' dir='ltr'><em>ὦρτο</em></span> <span class='ocrx_word' id='word_1_17' title='bbox 963 431 1018 475; x_wconf 77' lang='grc' dir='ltr'>δι’</span> <span class='ocrx_word' id='word_1_18' title='bbox 1048 430 1104 474; x_wconf 77' lang='grc' dir='ltr'>ἐκ</span> <span class='ocrx_word' id='word_1_19' title='bbox 1132 433 1347 484; x_wconf 79' lang='grc' dir='ltr'><em>προθύρου</em></span> <span class='ocrx_word' id='word_1_20' title='bbox 1371 440 1398 470; x_wconf 78' lang='lat'>⁰.</span> 
     </span>
     <span class='ocr_line' id='line_1_5' title="bbox 828 496 1481 555; baseline -0.006 -12"><span class='ocrx_word' id='word_1_21' title='bbox 828 499 934 555; x_wconf 85' lang='grc' dir='ltr'>παρ’</span> <span class='ocrx_word' id='word_1_22' title='bbox 965 497 1016 549; x_wconf 74' lang='grc' dir='ltr'>ἐξ</span> <span class='ocrx_word' id='word_1_23' title='bbox 1048 498 1147 538; x_wconf 79' lang='grc' dir='ltr'><em>ὀδοῦ</em></span> <span class='ocrx_word' id='word_1_24' title='bbox 1180 498 1223 538; x_wconf 80' lang='grc' dir='ltr'>ἐν</span> <span class='ocrx_word' id='word_1_25' title='bbox 1251 496 1481 539; x_wconf 62' lang='lat' dir='ltr'>ussaiwand.</span> 
     </span>
     <span class='ocr_line' id='line_1_6' title="bbox 297 563 2003 619; baseline -0.004 -9"><span class='ocrx_word' id='word_1_26' title='bbox 297 571 441 610; x_wconf 88' lang='lat' dir='ltr'>Etiam</span> <span class='ocrx_word' id='word_1_27' title='bbox 467 571 512 609; x_wconf 91' lang='lat' dir='ltr'>in</span> <span class='ocrx_word' id='word_1_28' title='bbox 540 570 795 619; x_wconf 88' lang='lat' dir='ltr'>compositis</span> <span class='ocrx_word' id='word_1_29' title='bbox 823 568 1019 608; x_wconf 88' lang='lat' dir='ltr'>adverbii</span> <span class='ocrx_word' id='word_1_30' title='bbox 1045 566 1173 605; x_wconf 73' lang='grc' dir='ltr'><em>ἅνταε</em></span> <span class='ocrx_word' id='word_1_31' title='bbox 1198 569 1242 606; x_wconf 89' lang='lat' dir='ltr'>et</span> <span class='ocrx_word' id='word_1_32' title='bbox 1267 567 1311 605; x_wconf 90' lang='lat' dir='ltr'>in</span> <span class='ocrx_word' id='word_1_33' title='bbox 1331 566 1537 605; x_wconf 88' lang='lat' dir='ltr'>adverbio</span> <span class='ocrx_word' id='word_1_34' title='bbox 1553 563 1906 616; x_wconf 65' lang='grc' dir='ltr'><em>προπάροιθε(ν)ΐ</em></span> <span class='ocrx_word' id='word_1_35' title='bbox 1923 574 2003 604; x_wconf 90' lang='lat' dir='ltr'>nec</span> 
     </span>
     <span class='ocr_line' id='line_1_7' title="bbox 177 631 2000 686; baseline -0.003 -11"><span class='ocrx_word' id='word_1_36' title='bbox 177 645 264 675; x_wconf 92' lang='lat' dir='ltr'>non</span> <span class='ocrx_word' id='word_1_37' title='bbox 295 636 339 675; x_wconf 93' lang='lat' dir='ltr'>in</span> <span class='ocrx_word' id='word_1_38' title='bbox 372 637 517 676; x_wconf 88' lang='lat' dir='ltr'>verbis</span> <span class='ocrx_word' id='word_1_39' title='bbox 550 637 806 686; x_wconf 89' lang='lat' dir='ltr'>compositis</span> <span class='ocrx_word' id='word_1_40' title='bbox 829 635 1032 684; x_wconf 87' lang='lat' dir='ltr'>regnavit</span> <span class='ocrx_word' id='word_1_41' title='bbox 1057 635 1164 673; x_wconf 90' lang='lat' dir='ltr'>haec</span> <span class='ocrx_word' id='word_1_42' title='bbox 1191 633 1381 673; x_wconf 87' lang='lat' dir='ltr'>ubertas.</span> <span class='ocrx_word' id='word_1_43' title='bbox 1408 633 1485 672; x_wconf 83' lang='lat' dir='ltr'>Ex.</span> <span class='ocrx_word' id='word_1_44' title='bbox 1516 643 1579 681; x_wconf 87' lang='lat' dir='ltr'>gr.</span> <span class='ocrx_word' id='word_1_45' title='bbox 1608 633 1652 671; x_wconf 90' lang='lat' dir='ltr'>in</span> <span class='ocrx_word' id='word_1_46' title='bbox 1679 631 1748 671; x_wconf 89' lang='lat' dir='ltr'>his</span> <span class='ocrx_word' id='word_1_47' title='bbox 1775 631 2000 671; x_wconf 85' lang='lat' dir='ltr'>versibus:</span> 
     </span>
     <span class='ocr_line' id='line_1_8' title="bbox 533 695 1695 753; baseline -0.003 -12"><span class='ocrx_word' id='word_1_48' title='bbox 533 701 620 742; x_wconf 78' lang='grc' dir='ltr'>ἕνθ’</span> <span class='ocrx_word' id='word_1_49' title='bbox 658 698 682 753; x_wconf 80' lang='grc' dir='ltr'>ἦ</span> <span class='ocrx_word' id='word_1_50' title='bbox 715 717 773 741; x_wconf 84' lang='grc' dir='ltr'><em>τοι</em></span> <span class='ocrx_word' id='word_1_51' title='bbox 804 700 950 741; x_wconf 81' lang='grc' dir='ltr'><em>πλυνοὶ</em></span> <span class='ocrx_word' id='word_1_52' title='bbox 980 695 1086 751; x_wconf 78' lang='grc' dir='ltr'>ἦσαν</span> <span class='ocrx_word' id='word_1_53' title='bbox 1117 699 1343 749; x_wconf 71' lang='grc' dir='ltr'><em>ἐπηετανοί,</em></span> <span class='ocrx_word' id='word_1_54' title='bbox 1372 699 1475 738; x_wconf 79' lang='grc' dir='ltr'><em>πολὺ</em></span> <span class='ocrx_word' id='word_1_55' title='bbox 1508 696 1543 738; x_wconf 79' lang='grc' dir='ltr'>δ’</span> <span class='ocrx_word' id='word_1_56' title='bbox 1585 699 1695 749; x_wconf 76' lang='grc' dir='ltr'><em>ὕδωρ</em></span> 
     </span>
     <span class='ocr_line' id='line_1_9' title="bbox 535 766 1029 822; baseline 0 -15"><span class='ocrx_word' id='word_1_57' title='bbox 535 770 657 808; x_wconf 74' lang='grc' dir='ltr'>καλὸν</span> <span class='ocrx_word' id='word_1_58' title='bbox 689 766 1029 822; x_wconf 73' lang='grc' dir='ltr'>ὑπεκπρόρεεν9</span> 
     </span>
     <span class='ocr_line' id='line_1_10' title="bbox 176 834 1557 887; baseline -0.001 -12"><span class='ocrx_word' id='word_1_59' title='bbox 176 836 470 884; x_wconf 84' lang='lat' dir='ltr'>pulcherrime</span> <span class='ocrx_word' id='word_1_60' title='bbox 500 838 616 887; x_wconf 89' lang='lat' dir='ltr'>picta</span> <span class='ocrx_word' id='word_1_61' title='bbox 648 840 716 877; x_wconf 90' lang='lat' dir='ltr'>est</span> <span class='ocrx_word' id='word_1_62' title='bbox 745 838 969 884; x_wconf 82' lang='lat' dir='ltr'>scaturigo</span> <span class='ocrx_word' id='word_1_63' title='bbox 1000 835 1152 874; x_wconf 79' lang='lat' dir='ltr'>subter</span> <span class='ocrx_word' id='word_1_64' title='bbox 1181 844 1293 873; x_wconf 83' lang='lat' dir='ltr'>saxa</span> <span class='ocrx_word' id='word_1_65' title='bbox 1324 834 1557 883; x_wconf 87' lang='lat' dir='ltr'>profluens.</span> 
     </span>
     <span class='ocr_line' id='line_1_11' title="bbox 297 895 2002 954; baseline -0.003 -12"><span class='ocrx_word' id='word_1_66' title='bbox 297 903 577 944; x_wconf 85' lang='lat' dir='ltr'>Geminatam</span> <span class='ocrx_word' id='word_1_67' title='bbox 615 902 985 954; x_wconf 84' lang='lat' dir='ltr'>praepositionem</span> <span class='ocrx_word' id='word_1_68' title='bbox 1027 902 1159 941; x_wconf 90' lang='lat' dir='ltr'>habet</span> <span class='ocrx_word' id='word_1_69' title='bbox 1189 902 1470 950; x_wconf 85' lang='lat' dir='ltr'>participium</span> <span class='ocrx_word' id='word_1_70' title='bbox 1503 895 2002 952; x_wconf 65' lang='grc' dir='ltr'><em>προπροκυλινδόμενοσᾶ.</em></span> 
     </span>
    </p>
   </div>
   <div class='ocr_carea' id='block_1_3' title="bbox 177 1033 2007 2300">
    <p class='ocr_par' dir='ltr' id='par_1_3' title="bbox 177 1033 2002 1220">
     <span class='ocr_line' id='line_1_12' title="bbox 297 1033 2002 1090; baseline -0.004 -12"><span class='ocrx_word' id='word_1_71' title='bbox 297 1033 326 1090; x_wconf 81' lang='lat'>§</span> <span class='ocrx_word' id='word_1_72' title='bbox 358 1035 460 1082; x_wconf 85' lang='lat'>318.</span> <span class='ocrx_word' id='word_1_73' title='bbox 503 1038 722 1078; x_wconf 85' lang='lat' dir='ltr'>Adverbia</span> <span class='ocrx_word' id='word_1_74' title='bbox 755 1039 984 1088; x_wconf 73' lang='lat' dir='ltr'>yenitivum</span> <span class='ocrx_word' id='word_1_75' title='bbox 1015 1037 1310 1085; x_wconf 85' lang='lat' dir='ltr'>admittentia,</span> <span class='ocrx_word' id='word_1_76' title='bbox 1342 1035 1737 1085; x_wconf 88' lang='lat' dir='ltr'>praepositionibus</span> <span class='ocrx_word' id='word_1_77' title='bbox 1769 1035 1813 1073; x_wconf 87' lang='lat' dir='ltr'>vi</span> <span class='ocrx_word' id='word_1_78' title='bbox 1844 1036 1888 1073; x_wconf 90' lang='lat' dir='ltr'>et</span> <span class='ocrx_word' id='word_1_79' title='bbox 1918 1043 2002 1073; x_wconf 92' lang='lat' dir='ltr'>usu</span> 
     </span>
     <span class='ocr_line' id='line_1_13' title="bbox 178 1102 2002 1153; baseline -0.001 -11"><span class='ocrx_word' id='word_1_80' title='bbox 178 1103 356 1153; x_wconf 87' lang='lat' dir='ltr'>similia,</span> <span class='ocrx_word' id='word_1_81' title='bbox 413 1105 489 1144; x_wconf 87' lang='lat' dir='ltr'>sed</span> <span class='ocrx_word' id='word_1_82' title='bbox 539 1115 639 1145; x_wconf 91' lang='lat' dir='ltr'>cum</span> <span class='ocrx_word' id='word_1_83' title='bbox 685 1106 832 1145; x_wconf 88' lang='lat' dir='ltr'>verbis</span> <span class='ocrx_word' id='word_1_84' title='bbox 877 1115 962 1145; x_wconf 93' lang='lat' dir='ltr'>non</span> <span class='ocrx_word' id='word_1_85' title='bbox 1009 1104 1267 1152; x_wconf 89' lang='lat' dir='ltr'>composita,</span> <span class='ocrx_word' id='word_1_86' title='bbox 1314 1102 1698 1142; x_wconf 89' lang='lat' dir='ltr'>commemoranda</span> <span class='ocrx_word' id='word_1_87' title='bbox 1743 1103 1848 1140; x_wconf 90' lang='lat' dir='ltr'>sunt</span> <span class='ocrx_word' id='word_1_88' title='bbox 1892 1111 2002 1149; x_wconf 85' lang='lat' dir='ltr'>quae</span> 
     </span>
     <span class='ocr_line' id='line_1_14' title="bbox 177 1173 442 1220; baseline 0 -10"><span class='ocrx_word' id='word_1_89' title='bbox 177 1173 442 1220; x_wconf 88' lang='lat' dir='ltr'>sequuntur:</span> 
     </span>
    </p>

    <p class='ocr_par' dir='ltr' id='par_1_4' title="bbox 179 1229 2007 2300">
     <span class='ocr_line' id='line_1_15' title="bbox 299 1229 2002 1293; baseline -0.004 -15"><span class='ocrx_word' id='word_1_90' title='bbox 299 1235 340 1280; x_wconf 93' lang='lat' dir='ltr'>l.</span> <span class='ocrx_word' id='word_1_91' title='bbox 387 1235 498 1292; x_wconf 76' lang='grc' dir='ltr'><strong>ἄγχι</strong></span> <span class='ocrx_word' id='word_1_92' title='bbox 543 1239 637 1278; x_wconf 87' lang='lat' dir='ltr'>sive</span> <span class='ocrx_word' id='word_1_93' title='bbox 683 1236 858 1293; x_wconf 68' lang='grc' dir='ltr'><strong>ἀγχόθι</strong></span> <span class='ocrx_word' id='word_1_94' title='bbox 898 1242 943 1278; x_wconf 92' lang='lat' dir='ltr'>et</span> <span class='ocrx_word' id='word_1_95' title='bbox 983 1234 1120 1292; x_wconf 68' lang='grc' dir='ltr'>ἐγγόσ</span> <span class='ocrx_word' id='word_1_96' title='bbox 1167 1239 1261 1277; x_wconf 90' lang='lat' dir='ltr'>sive</span> <span class='ocrx_word' id='word_1_97' title='bbox 1293 1232 1455 1290; x_wconf 66' lang='grc' dir='ltr'><strong>ἐγγύθι</strong></span> <span class='ocrx_word' id='word_1_98' title='bbox 1484 1245 1622 1285; x_wconf 77' lang='lat' dir='ltr'>prope,</span> <span class='ocrx_word' id='word_1_99' title='bbox 1656 1245 1846 1284; x_wconf 85' lang='lat' dir='ltr'>compar.</span> <span class='ocrx_word' id='word_1_100' title='bbox 1876 1229 2002 1274; x_wconf 78' lang='grc' dir='ltr'><em>ἆσσον</em></span> 
     </span>
     <span class='ocr_line' id='line_1_16' title="bbox 179 1300 1999 1357; baseline -0.001 -14"><span class='ocrx_word' id='word_1_101' title='bbox 179 1304 274 1344; x_wconf 87' lang='lat' dir='ltr'>sive</span> <span class='ocrx_word' id='word_1_102' title='bbox 296 1300 508 1356; x_wconf 69' lang='grc' dir='ltr'><em>ἀσσοτέρω,</em></span> <span class='ocrx_word' id='word_1_103' title='bbox 533 1307 694 1355; x_wconf 90' lang='lat' dir='ltr'>superl.</span> <span class='ocrx_word' id='word_1_104' title='bbox 711 1305 895 1357; x_wconf 76' lang='grc' dir='ltr'><em>ἄγχιστον</em></span> <span class='ocrx_word' id='word_1_105' title='bbox 912 1307 1006 1345; x_wconf 88' lang='lat' dir='ltr'>sive</span> <span class='ocrx_word' id='word_1_106' title='bbox 1022 1320 1087 1342; x_wconf 78' lang='lat' dir='ltr'>-w</span> <span class='ocrx_word' id='word_1_107' title='bbox 1101 1303 1125 1345; x_wconf 76' lang='lat' dir='ltr'>i.</span> <span class='ocrx_word' id='word_1_108' title='bbox 1149 1305 1285 1352; x_wconf 87' lang='lat' dir='ltr'>Saepe</span> <span class='ocrx_word' id='word_1_109' title='bbox 1302 1304 1497 1342; x_wconf 89' lang='lat' dir='ltr'>omissus</span> <span class='ocrx_word' id='word_1_110' title='bbox 1515 1304 1581 1341; x_wconf 88' lang='lat' dir='ltr'>est</span> <span class='ocrx_word' id='word_1_111' title='bbox 1595 1303 1830 1351; x_wconf 80' lang='lat' dir='ltr'>genitivus,</span> <span class='ocrx_word' id='word_1_112' title='bbox 1849 1312 1918 1341; x_wconf 87' lang='lat' dir='ltr'>ex.</span> <span class='ocrx_word' id='word_1_113' title='bbox 1937 1312 1999 1351; x_wconf 82' lang='lat' dir='ltr'>gr.</span> 
     </span>
     <span class='ocr_line' id='line_1_17' title="bbox 180 1367 2000 1424; baseline -0.002 -14"><span class='ocrx_word' id='word_1_114' title='bbox 180 1370 271 1424; x_wconf 72' lang='grc' dir='ltr'><strong><em>ἄγχι</em></strong></span> <span class='ocrx_word' id='word_1_115' title='bbox 295 1373 503 1423; x_wconf 74' lang='grc' dir='ltr'><em>παρασεάσ</em></span> <span class='ocrx_word' id='word_1_116' title='bbox 521 1370 548 1412; x_wconf 77' lang='lat'>7&#39;.</span> <span class='ocrx_word' id='word_1_117' title='bbox 575 1374 723 1422; x_wconf 86' lang='lat' dir='ltr'>Neque</span> <span class='ocrx_word' id='word_1_118' title='bbox 740 1384 837 1413; x_wconf 88' lang='lat' dir='ltr'>raro</span> <span class='ocrx_word' id='word_1_119' title='bbox 852 1373 1085 1413; x_wconf 89' lang='lat' dir='ltr'>adiunctus</span> <span class='ocrx_word' id='word_1_120' title='bbox 1102 1374 1170 1411; x_wconf 89' lang='lat' dir='ltr'>est</span> <span class='ocrx_word' id='word_1_121' title='bbox 1185 1369 1350 1411; x_wconf 78' lang='lat' dir='ltr'>dativus</span> <span class='ocrx_word' id='word_1_122' title='bbox 1361 1370 1628 1419; x_wconf 70' lang='lat' dir='ltr'>pronominis</span> <span class='ocrx_word' id='word_1_123' title='bbox 1640 1367 1671 1419; x_wconf 76' lang='lat' dir='ltr'>k,</span> <span class='ocrx_word' id='word_1_124' title='bbox 1692 1380 1760 1409; x_wconf 84' lang='lat' dir='ltr'>ex.</span> <span class='ocrx_word' id='word_1_125' title='bbox 1789 1379 1876 1417; x_wconf 88' lang='lat' dir='ltr'>gr.:</span> <span class='ocrx_word' id='word_1_126' title='bbox 1903 1369 2000 1419; x_wconf 82' lang='grc' dir='ltr'><strong><em>τάχα</em></strong></span> 
     </span>
     <span class='ocr_line' id='line_1_18' title="bbox 182 1426 2002 1493; baseline -0.002 -15"><span class='ocrx_word' id='word_1_127' title='bbox 182 1437 227 1478; x_wconf 83' lang='grc' dir='ltr'>δέ</span> <span class='ocrx_word' id='word_1_128' title='bbox 264 1450 404 1489; x_wconf 83' lang='grc' dir='ltr'><em>σφισιν</em></span> <span class='ocrx_word' id='word_1_129' title='bbox 439 1436 524 1492; x_wconf 71' lang='grc' dir='ltr'>ἄγχ’</span> <span class='ocrx_word' id='word_1_130' title='bbox 569 1438 788 1492; x_wconf 66' lang='grc' dir='ltr'><em>ἐγένοντοῑ,</em></span> <span class='ocrx_word' id='word_1_131' title='bbox 830 1439 925 1479; x_wconf 83' lang='grc' dir='ltr'><em>οὐδέ</em></span> <span class='ocrx_word' id='word_1_132' title='bbox 964 1455 1036 1493; x_wconf 49' lang='grc' dir='ltr'>μοι</span> <span class='ocrx_word' id='word_1_133' title='bbox 1077 1439 1192 1478; x_wconf 79' lang='grc' dir='ltr'><em>ἵπποι</em></span> <span class='ocrx_word' id='word_1_134' title='bbox 1221 1438 1228 1488; x_wconf 79' lang='grc' dir='ltr'>Ι</span> <span class='ocrx_word' id='word_1_135' title='bbox 1255 1437 1375 1490; x_wconf 78' lang='grc' dir='ltr'><em>ἕγγὺσ</em></span> <span class='ocrx_word' id='word_1_136' title='bbox 1416 1436 1511 1475; x_wconf 76' lang='grc' dir='ltr'>ἕσαν</span> <span class='ocrx_word' id='word_1_137' title='bbox 1543 1439 1768 1488; x_wconf 80' lang='grc' dir='ltr'><em>προφυγεῖν</em></span> <span class='ocrx_word' id='word_1_138' title='bbox 1782 1444 1822 1485; x_wconf 62' lang='lat' dir='ltr'>m,</span> <span class='ocrx_word' id='word_1_139' title='bbox 1866 1426 2002 1475; x_wconf 48' lang='grc'><strong>115613</strong></span> 
     </span>
     <span class='ocr_line' id='line_1_19' title="bbox 182 1503 2003 1558; baseline -0.002 -12"><span class='ocrx_word' id='word_1_140' title='bbox 182 1506 402 1546; x_wconf 87' lang='lat' dir='ltr'>adverbiis</span> <span class='ocrx_word' id='word_1_141' title='bbox 432 1506 574 1558; x_wconf 77' lang='grc' dir='ltr'><em>σχεδόν</em></span> <span class='ocrx_word' id='word_1_142' title='bbox 588 1516 623 1557; x_wconf 69' lang='lat' dir='ltr'>n,</span> <span class='ocrx_word' id='word_1_143' title='bbox 648 1508 805 1557; x_wconf 82' lang='grc' dir='ltr'><em>πρόσθε</em></span> <span class='ocrx_word' id='word_1_144' title='bbox 816 1516 847 1558; x_wconf 88' lang='lat'>0,</span> <span class='ocrx_word' id='word_1_145' title='bbox 877 1506 1064 1547; x_wconf 71' lang='grc' dir='ltr'><em>ὄπισθεΡ.</em></span> <span class='ocrx_word' id='word_1_146' title='bbox 1098 1506 1353 1546; x_wconf 89' lang='lat' dir='ltr'>Cuiusmodi</span> <span class='ocrx_word' id='word_1_147' title='bbox 1378 1505 1486 1544; x_wconf 89' lang='lat' dir='ltr'>locis</span> <span class='ocrx_word' id='word_1_148' title='bbox 1514 1504 1686 1544; x_wconf 87' lang='lat' dir='ltr'>collatis</span> <span class='ocrx_word' id='word_1_149' title='bbox 1712 1504 1804 1543; x_wconf 89' lang='lat' dir='ltr'>veri</span> <span class='ocrx_word' id='word_1_150' title='bbox 1830 1503 2003 1543; x_wconf 89' lang='lat' dir='ltr'>videtur</span> 
     </span>
     <span class='ocr_line' id='line_1_20' title="bbox 181 1570 2004 1626; baseline -0.002 -13"><span class='ocrx_word' id='word_1_151' title='bbox 181 1573 464 1613; x_wconf 86' lang='lat' dir='ltr'>simillimum</span> <span class='ocrx_word' id='word_1_152' title='bbox 506 1573 596 1626; x_wconf 71' lang='grc' dir='ltr'>ἄγχι</span> <span class='ocrx_word' id='word_1_153' title='bbox 636 1585 662 1614; x_wconf 87' lang='lat' dir='ltr'>a</span> <span class='ocrx_word' id='word_1_154' title='bbox 701 1576 842 1624; x_wconf 84' lang='lat' dir='ltr'>poetis</span> <span class='ocrx_word' id='word_1_155' title='bbox 876 1576 1008 1614; x_wconf 82' lang='lat' dir='ltr'>etiarn</span> <span class='ocrx_word' id='word_1_156' title='bbox 1040 1575 1216 1623; x_wconf 89' lang='lat' dir='ltr'>saepius</span> <span class='ocrx_word' id='word_1_157' title='bbox 1247 1573 1393 1612; x_wconf 90' lang='lat' dir='ltr'>dativo</span> <span class='ocrx_word' id='word_1_158' title='bbox 1426 1573 1630 1610; x_wconf 90' lang='lat' dir='ltr'>ornatum</span> <span class='ocrx_word' id='word_1_159' title='bbox 1662 1581 1759 1610; x_wconf 88' lang='lat' dir='ltr'>esse</span> <span class='ocrx_word' id='word_1_160' title='bbox 1790 1580 1921 1618; x_wconf 86' lang='lat' dir='ltr'>quam</span> <span class='ocrx_word' id='word_1_161' title='bbox 1953 1570 2004 1610; x_wconf 83' lang='lat' dir='ltr'>fit</span> 
     </span>
     <span class='ocr_line' id='line_1_21' title="bbox 181 1636 2003 1693; baseline -0.003 -12"><span class='ocrx_word' id='word_1_162' title='bbox 181 1641 227 1681; x_wconf 91' lang='lat' dir='ltr'>in</span> <span class='ocrx_word' id='word_1_163' title='bbox 267 1643 394 1681; x_wconf 84' lang='lat' dir='ltr'>textu</span> <span class='ocrx_word' id='word_1_164' title='bbox 435 1643 596 1682; x_wconf 88' lang='lat' dir='ltr'>tradito</span> <span class='ocrx_word' id='word_1_165' title='bbox 609 1651 640 1693; x_wconf 74' lang='lat' dir='ltr'>q,</span> <span class='ocrx_word' id='word_1_166' title='bbox 682 1644 796 1692; x_wconf 91' lang='lat' dir='ltr'>quod</span> <span class='ocrx_word' id='word_1_167' title='bbox 837 1644 954 1682; x_wconf 91' lang='lat' dir='ltr'>enim</span> <span class='ocrx_word' id='word_1_168' title='bbox 986 1642 1139 1681; x_wconf 87' lang='lat' dir='ltr'>multis</span> <span class='ocrx_word' id='word_1_169' title='bbox 1169 1641 1278 1680; x_wconf 89' lang='lat' dir='ltr'>locis</span> <span class='ocrx_word' id='word_1_170' title='bbox 1302 1640 1462 1688; x_wconf 88' lang='lat' dir='ltr'>legitur</span> <span class='ocrx_word' id='word_1_171' title='bbox 1492 1638 1847 1678; x_wconf 88' lang='lat' dir='ltr'>hemistichium:</span> <span class='ocrx_word' id='word_1_172' title='bbox 1879 1636 2003 1689; x_wconf 76' lang='grc' dir='ltr'><em>ἀγχοῦ</em></span> 
     </span>
     <span class='ocr_line' id='line_1_22' title="bbox 183 1702 2004 1760; baseline -0.001 -14"><span class='ocrx_word' id='word_1_173' title='bbox 183 1705 221 1746; x_wconf 82' lang='grc' dir='ltr'>δ’</span> <span class='ocrx_word' id='word_1_174' title='bbox 265 1708 477 1758; x_wconf 79' lang='grc' dir='ltr'><em>ἱστάμενοσ</em></span> <span class='ocrx_word' id='word_1_175' title='bbox 516 1710 587 1749; x_wconf 84' lang='lat' dir='ltr'>vel</span> <span class='ocrx_word' id='word_1_176' title='bbox 626 1709 777 1760; x_wconf 59' lang='lat' dir='ltr'>-ye&#39;vnr</span> <span class='ocrx_word' id='word_1_177' title='bbox 807 1711 851 1749; x_wconf 90' lang='lat' dir='ltr'>in</span> <span class='ocrx_word' id='word_1_178' title='bbox 882 1711 1056 1749; x_wconf 87' lang='lat' dir='ltr'>illorum</span> <span class='ocrx_word' id='word_1_179' title='bbox 1090 1719 1162 1748; x_wconf 84' lang='lat' dir='ltr'>ore</span> <span class='ocrx_word' id='word_1_180' title='bbox 1193 1708 1352 1747; x_wconf 80' lang='lat' dir='ltr'>fuisse:</span> <span class='ocrx_word' id='word_1_181' title='bbox 1386 1705 1474 1758; x_wconf 71' lang='grc' dir='ltr'><em>ἄγχι</em></span> <span class='ocrx_word' id='word_1_182' title='bbox 1505 1705 1548 1744; x_wconf 80' lang='grc' dir='ltr'>δέ</span> <span class='ocrx_word' id='word_1_183' title='bbox 1578 1702 1690 1758; x_wconf 50' lang='grc' dir='ltr'><em>ρ’(οι)</em></span> <span class='ocrx_word' id='word_1_184' title='bbox 1719 1704 1931 1754; x_wconf 82' lang='grc' dir='ltr'><em>ἲστάμενοσ</em></span> <span class='ocrx_word' id='word_1_185' title='bbox 1959 1707 2004 1745; x_wconf 78' lang='lat' dir='ltr'>et</span> 
     </span>
     <span class='ocr_line' id='line_1_23' title="bbox 181 1773 2005 1827; baseline -0.002 -13"><span class='ocrx_word' id='word_1_186' title='bbox 181 1773 317 1825; x_wconf 82' lang='grc' dir='ltr'><em>-μένκ,</em></span> <span class='ocrx_word' id='word_1_187' title='bbox 361 1777 493 1816; x_wconf 90' lang='lat' dir='ltr'>metri</span> <span class='ocrx_word' id='word_1_188' title='bbox 535 1779 684 1817; x_wconf 90' lang='lat' dir='ltr'>autem</span> <span class='ocrx_word' id='word_1_189' title='bbox 731 1789 864 1817; x_wconf 86' lang='lat' dir='ltr'>causa</span> <span class='ocrx_word' id='word_1_190' title='bbox 903 1777 1134 1827; x_wconf 80' lang='lat' dir='ltr'>postmodo</span> <span class='ocrx_word' id='word_1_191' title='bbox 1174 1786 1272 1814; x_wconf 90' lang='lat' dir='ltr'>esse</span> <span class='ocrx_word' id='word_1_192' title='bbox 1313 1776 1549 1822; x_wconf 88' lang='lat' dir='ltr'>mutatum,</span> <span class='ocrx_word' id='word_1_193' title='bbox 1592 1783 1692 1812; x_wconf 89' lang='lat' dir='ltr'>cum</span> <span class='ocrx_word' id='word_1_194' title='bbox 1733 1783 1869 1812; x_wconf 92' lang='lat' dir='ltr'>sonus</span> <span class='ocrx_word' id='word_1_195' title='bbox 1898 1788 1929 1825; x_wconf 70' lang='lat' dir='ltr'>f</span> <span class='ocrx_word' id='word_1_196' title='bbox 1961 1775 2005 1812; x_wconf 91' lang='lat' dir='ltr'>et</span> 
     </span>
     <span class='ocr_line' id='line_1_24' title="bbox 182 1839 2005 1892; baseline -0.003 -10"><span class='ocrx_word' id='word_1_197' title='bbox 182 1844 327 1892; x_wconf 91' lang='lat' dir='ltr'>ipsum</span> <span class='ocrx_word' id='word_1_198' title='bbox 368 1853 608 1892; x_wconf 86' lang='lat' dir='ltr'>pronomen</span> <span class='ocrx_word' id='word_1_199' title='bbox 651 1846 942 1884; x_wconf 64' lang='lat' dir='ltr'>evanuisset-⁹.</span> <span class='ocrx_word' id='word_1_200' title='bbox 983 1845 1094 1883; x_wconf 87' lang='lat' dir='ltr'>Nam</span> <span class='ocrx_word' id='word_1_201' title='bbox 1136 1844 1208 1882; x_wconf 87' lang='lat' dir='ltr'>vix</span> <span class='ocrx_word' id='word_1_202' title='bbox 1252 1844 1320 1881; x_wconf 90' lang='lat' dir='ltr'>est</span> <span class='ocrx_word' id='word_1_203' title='bbox 1357 1841 1562 1880; x_wconf 86' lang='lat' dir='ltr'>credibile</span> <span class='ocrx_word' id='word_1_204' title='bbox 1592 1842 1779 1889; x_wconf 88' lang='lat' dir='ltr'>poetam,</span> <span class='ocrx_word' id='word_1_205' title='bbox 1812 1840 1886 1888; x_wconf 87' lang='lat' dir='ltr'>qui</span> <span class='ocrx_word' id='word_1_206' title='bbox 1917 1839 2005 1891; x_wconf 71' lang='grc' dir='ltr'>ἄγχι</span> 
     </span>
     <span class='ocr_line' id='line_1_25' title="bbox 182 1905 2005 1961; baseline -0.001 -13"><span class='ocrx_word' id='word_1_207' title='bbox 182 1910 281 1949; x_wconf 79' lang='grc' dir='ltr'><em>στάσ</em></span> <span class='ocrx_word' id='word_1_208' title='bbox 320 1910 434 1949; x_wconf 85' lang='lat' dir='ltr'>dixit</span> <span class='ocrx_word' id='word_1_209' title='bbox 472 1912 661 1961; x_wconf 82' lang='lat' dir='ltr'>saepiuS,</span> <span class='ocrx_word' id='word_1_210' title='bbox 705 1913 859 1952; x_wconf 88' lang='lat' dir='ltr'>aoristi</span> <span class='ocrx_word' id='word_1_211' title='bbox 890 1914 933 1951; x_wconf 92' lang='lat' dir='ltr'>et</span> <span class='ocrx_word' id='word_1_212' title='bbox 963 1911 1210 1961; x_wconf 85' lang='lat' dir='ltr'>praesentis</span> <span class='ocrx_word' id='word_1_213' title='bbox 1236 1911 1317 1948; x_wconf 90' lang='lat' dir='ltr'>hoc</span> <span class='ocrx_word' id='word_1_214' title='bbox 1347 1909 1505 1948; x_wconf 87' lang='lat' dir='ltr'>fecisse</span> <span class='ocrx_word' id='word_1_215' title='bbox 1537 1907 1772 1946; x_wconf 90' lang='lat' dir='ltr'>discrimen</span> <span class='ocrx_word' id='word_1_216' title='bbox 1803 1908 1852 1945; x_wconf 91' lang='lat' dir='ltr'>ut</span> <span class='ocrx_word' id='word_1_217' title='bbox 1881 1905 2005 1958; x_wconf 80' lang='grc' dir='ltr'><em>ἀγχοῦ</em></span> 
     </span>
     <span class='ocr_line' id='line_1_26' title="bbox 180 1973 2004 2028; baseline -0.001 -12"><span class='ocrx_word' id='word_1_218' title='bbox 180 1977 393 2028; x_wconf 79' lang='grc' dir='ltr'><em>ἱστάμενοσ</em></span> <span class='ocrx_word' id='word_1_219' title='bbox 432 1979 574 2018; x_wconf 90' lang='lat' dir='ltr'>dicere</span> <span class='ocrx_word' id='word_1_220' title='bbox 615 1979 781 2019; x_wconf 90' lang='lat' dir='ltr'>mallet.</span> <span class='ocrx_word' id='word_1_221' title='bbox 823 1979 1011 2018; x_wconf 87' lang='lat' dir='ltr'>Omnino</span> <span class='ocrx_word' id='word_1_222' title='bbox 1053 1981 1202 2017; x_wconf 90' lang='lat' dir='ltr'>autem</span> <span class='ocrx_word' id='word_1_223' title='bbox 1244 1976 1438 2015; x_wconf 89' lang='lat' dir='ltr'>adverbii</span> <span class='ocrx_word' id='word_1_224' title='bbox 1477 1973 1613 2025; x_wconf 83' lang='grc' dir='ltr'><em>ἀγχοῦ,</em></span> <span class='ocrx_word' id='word_1_225' title='bbox 1654 1976 1702 2012; x_wconf 92' lang='lat' dir='ltr'>ut</span> <span class='ocrx_word' id='word_1_226' title='bbox 1742 1973 1928 2013; x_wconf 88' lang='lat' dir='ltr'>aliorum</span> <span class='ocrx_word' id='word_1_227' title='bbox 1960 1975 2004 2014; x_wconf 91' lang='lat' dir='ltr'>in</span> 
     </span>
     <span class='ocr_line' id='line_1_27' title="bbox 181 2041 2004 2096; baseline -0.003 -11"><span class='ocrx_word' id='word_1_228' title='bbox 181 2051 252 2085; x_wconf 84' lang='grc' dir='ltr'><em>-οῦ</em></span> <span class='ocrx_word' id='word_1_229' title='bbox 284 2046 581 2086; x_wconf 86' lang='lat' dir='ltr'>desinentium</span> <span class='ocrx_word' id='word_1_230' title='bbox 596 2046 620 2096; x_wconf 58' lang='lat' dir='ltr'>t,</span> <span class='ocrx_word' id='word_1_231' title='bbox 653 2049 858 2096; x_wconf 86' lang='lat' dir='ltr'>suspecta</span> <span class='ocrx_word' id='word_1_232' title='bbox 883 2047 927 2085; x_wconf 89' lang='lat' dir='ltr'>in</span> <span class='ocrx_word' id='word_1_233' title='bbox 960 2045 1230 2086; x_wconf 86' lang='lat' dir='ltr'>carminibus</span> <span class='ocrx_word' id='word_1_234' title='bbox 1261 2044 1396 2093; x_wconf 90' lang='lat' dir='ltr'>epicis</span> <span class='ocrx_word' id='word_1_235' title='bbox 1432 2044 1499 2082; x_wconf 91' lang='lat' dir='ltr'>est</span> <span class='ocrx_word' id='word_1_236' title='bbox 1525 2042 1822 2090; x_wconf 82' lang='lat' dir='ltr'>diphthongus</span> <span class='ocrx_word' id='word_1_237' title='bbox 1846 2041 2004 2091; x_wconf 84' lang='lat' dir='ltr'>finalis,</span> 
     </span>
     <span class='ocr_line' id='line_1_28' title="bbox 182 2108 2007 2164; baseline -0.002 -12"><span class='ocrx_word' id='word_1_238' title='bbox 182 2115 447 2162; x_wconf 83' lang='lat' dir='ltr'>quapropter</span> <span class='ocrx_word' id='word_1_239' title='bbox 477 2114 623 2162; x_wconf 84' lang='lat' dir='ltr'>potius</span> <span class='ocrx_word' id='word_1_240' title='bbox 653 2114 887 2163; x_wconf 87' lang='lat' dir='ltr'>legendum</span> <span class='ocrx_word' id='word_1_241' title='bbox 929 2115 997 2152; x_wconf 88' lang='lat' dir='ltr'>est</span> <span class='ocrx_word' id='word_1_242' title='bbox 1037 2111 1214 2164; x_wconf 64' lang='grc' dir='ltr'><strong><em>ἀγχόθιν</em></strong></span> <span class='ocrx_word' id='word_1_243' title='bbox 1254 2111 1322 2150; x_wconf 90' lang='lat' dir='ltr'>vel</span> <span class='ocrx_word' id='word_1_244' title='bbox 1356 2108 1498 2161; x_wconf 78' lang='grc' dir='ltr'><em>ἐγγύθι</em></span> <span class='ocrx_word' id='word_1_245' title='bbox 1513 2116 1544 2158; x_wconf 77' lang='lat' dir='ltr'>v,</span> <span class='ocrx_word' id='word_1_246' title='bbox 1577 2110 1719 2147; x_wconf 90' lang='lat' dir='ltr'>metro</span> <span class='ocrx_word' id='word_1_247' title='bbox 1752 2111 1901 2147; x_wconf 83' lang='lat' dir='ltr'>autem</span> <span class='ocrx_word' id='word_1_248' title='bbox 1933 2108 2007 2148; x_wconf 91' lang='lat' dir='ltr'>ubi</span> 
     </span>
     <span class='ocr_line' id='line_1_29' title="bbox 186 2174 2006 2231; baseline -0.001 -14"><span class='ocrx_word' id='word_1_249' title='bbox 186 2178 276 2231; x_wconf 72' lang='grc' dir='ltr'><em>ἄγχι</em></span> <span class='ocrx_word' id='word_1_250' title='bbox 318 2180 584 2231; x_wconf 83' lang='lat' dir='ltr'>admittitur,</span> <span class='ocrx_word' id='word_1_251' title='bbox 627 2182 707 2220; x_wconf 90' lang='lat' dir='ltr'>hoc</span> <span class='ocrx_word' id='word_1_252' title='bbox 740 2181 1089 2230; x_wconf 82' lang='lat' dir='ltr'>praeferendum.</span> <span class='ocrx_word' id='word_1_253' title='bbox 1123 2202 1174 2208; x_wconf 90' lang='lat'>—</span> <span class='ocrx_word' id='word_1_254' title='bbox 1209 2178 1452 2218; x_wconf 87' lang='lat' dir='ltr'>Cohaerent</span> <span class='ocrx_word' id='word_1_255' title='bbox 1484 2174 1672 2227; x_wconf 78' lang='grc' dir='ltr'><em>ἀγχίαλοσ</em></span> <span class='ocrx_word' id='word_1_256' title='bbox 1703 2177 1746 2215; x_wconf 84' lang='lat' dir='ltr'>et</span> <span class='ocrx_word' id='word_1_257' title='bbox 1776 2175 1863 2214; x_wconf 89' lang='lat' dir='ltr'>alia</span> <span class='ocrx_word' id='word_1_258' title='bbox 1893 2185 2006 2215; x_wconf 90' lang='lat' dir='ltr'>com-</span> 
     </span>
     <span class='ocr_line' id='line_1_30' title="bbox 185 2245 1113 2300; baseline 0.002 -14"><span class='ocrx_word' id='word_1_259' title='bbox 185 2247 329 2296; x_wconf 80' lang='lat' dir='ltr'>posita</span> <span class='ocrx_word' id='word_1_260' title='bbox 340 2255 379 2296; x_wconf 78' lang='lat'>¹⁶,</span> <span class='ocrx_word' id='word_1_261' title='bbox 417 2245 536 2298; x_wconf 70' lang='grc' dir='ltr'><strong><em>ἄγχω,</em></strong></span> <span class='ocrx_word' id='word_1_262' title='bbox 565 2247 805 2300; x_wconf 83' lang='grc' dir='ltr'><em>ἀγχιστῖνοσ,</em></span> <span class='ocrx_word' id='word_1_263' title='bbox 833 2246 1113 2297; x_wconf 80' lang='grc' dir='ltr'><em>ἐπᾶσσύτεροσ.</em></span> 
     </span>
    </p>
   </div>
   <div class='ocr_carea' id='block_1_4' title="bbox 186 2387 2016 3167">
    <p class='ocr_par' dir='ltr' id='par_1_5' title="bbox 275 2387 2010 2431">
     <span class='ocr_line' id='line_1_31' title="bbox 275 2387 2010 2431; baseline -0.003 -6"><span class='ocrx_word' id='word_1_264' title='bbox 275 2406 295 2425; x_wconf 85' lang='lat' dir='ltr'>a</span> <span class='ocrx_word' id='word_1_265' title='bbox 319 2398 347 2425; x_wconf 91' lang='lat' dir='ltr'>B</span> <span class='ocrx_word' id='word_1_266' title='bbox 372 2395 448 2425; x_wconf 85' lang='lat'>305.</span> <span class='ocrx_word' id='word_1_267' title='bbox 470 2395 600 2425; x_wconf 87' lang='lat' dir='ltr'>Similis</span> <span class='ocrx_word' id='word_1_268' title='bbox 622 2396 676 2424; x_wconf 85' lang='lat' dir='ltr'>est</span> <span class='ocrx_word' id='word_1_269' title='bbox 695 2394 921 2424; x_wconf 79' lang='lat' dir='ltr'>conformatio</span> <span class='ocrx_word' id='word_1_270' title='bbox 941 2393 1035 2423; x_wconf 84' lang='lat' dir='ltr'>vocis</span> <span class='ocrx_word' id='word_1_271' title='bbox 1054 2390 1209 2422; x_wconf 79' lang='lat' dir='ltr'>Creticae</span> <span class='ocrx_word' id='word_1_272' title='bbox 1228 2388 1434 2431; x_wconf 73' lang='grc' dir='ltr'>περιαμηέτιξ</span> <span class='ocrx_word' id='word_1_273' title='bbox 1452 2400 1517 2419; x_wconf 79' lang='grc' dir='ltr'><em>-τισ</em></span> <span class='ocrx_word' id='word_1_274' title='bbox 1529 2389 1601 2419; x_wconf 85' lang='lat' dir='ltr'>sive</span> <span class='ocrx_word' id='word_1_275' title='bbox 1614 2387 1818 2430; x_wconf 73' lang='grc' dir='ltr'>περιαηπέτιξ</span> <span class='ocrx_word' id='word_1_276' title='bbox 1832 2398 1898 2419; x_wconf 73' lang='lat' dir='ltr'>-tw</span> <span class='ocrx_word' id='word_1_277' title='bbox 1911 2389 2010 2421; x_wconf 89' lang='grc'>5075.</span> 
     </span>
    </p>

    <p class='ocr_par' dir='ltr' id='par_1_6' title="bbox 322 2439 2009 2480">
     <span class='ocr_line' id='line_1_32' title="bbox 322 2439 2009 2480; baseline -0.004 -3"><span class='ocrx_word' id='word_1_278' title='bbox 322 2447 338 2477; x_wconf 85' lang='lat' dir='ltr'>b</span> <span class='ocrx_word' id='word_1_279' title='bbox 363 2448 492 2479; x_wconf 71' lang='grc'><strong>11334.</strong></span> <span class='ocrx_word' id='word_1_280' title='bbox 713 2456 729 2477; x_wconf 81' lang='grc' dir='ltr'><em>σ</em></span> <span class='ocrx_word' id='word_1_281' title='bbox 756 2451 780 2476; x_wconf 92' lang='grc' dir='ltr'><em>ο</em></span> <span class='ocrx_word' id='word_1_282' title='bbox 804 2447 880 2476; x_wconf 86' lang='grc'><strong>124.</strong></span> <span class='ocrx_word' id='word_1_283' title='bbox 1080 2444 1103 2474; x_wconf 89' lang='lat' dir='ltr'>d</span> <span class='ocrx_word' id='word_1_284' title='bbox 1126 2447 1157 2474; x_wconf 78' lang='grc' dir='ltr'><em>Κ</em></span> <span class='ocrx_word' id='word_1_285' title='bbox 1179 2444 1255 2473; x_wconf 86' lang='grc'><strong>349.</strong></span> <span class='ocrx_word' id='word_1_286' title='bbox 1456 2451 1473 2472; x_wconf 83' lang='lat' dir='ltr'>e</span> <span class='ocrx_word' id='word_1_287' title='bbox 1497 2440 1513 2480; x_wconf 84' lang='lat'><strong>§</strong></span> <span class='ocrx_word' id='word_1_288' title='bbox 1539 2439 1630 2472; x_wconf 74' lang='lat'>318⁸.</span> <span class='ocrx_word' id='word_1_289' title='bbox 1833 2439 1892 2479; x_wconf 81' lang='lat' dir='ltr'>f§</span> <span class='ocrx_word' id='word_1_290' title='bbox 1918 2440 2009 2472; x_wconf 80' lang='lat'>318⁶,</span> 
     </span>
    </p>

    <p class='ocr_par' dir='ltr' id='par_1_7' title="bbox 318 2492 2012 2539">
     <span class='ocr_line' id='line_1_33' title="bbox 318 2492 2012 2539; baseline -0.005 -9"><span class='ocrx_word' id='word_1_291' title='bbox 318 2510 340 2539; x_wconf 73' lang='lat'><em>9</em></span> <span class='ocrx_word' id='word_1_292' title='bbox 365 2502 381 2535; x_wconf 75' lang='grc' dir='ltr'><em>ζ</em></span> <span class='ocrx_word' id='word_1_293' title='bbox 404 2501 445 2530; x_wconf 82' lang='lat'>86</span> <span class='ocrx_word' id='word_1_294' title='bbox 458 2508 510 2537; x_wconf 76' lang='lat' dir='ltr'>sq.</span> <span class='ocrx_word' id='word_1_295' title='bbox 668 2498 689 2528; x_wconf 80' lang='grc' dir='ltr'>Ιι</span> <span class='ocrx_word' id='word_1_296' title='bbox 711 2501 745 2528; x_wconf 78' lang='lat' dir='ltr'><strong>x</strong></span> <span class='ocrx_word' id='word_1_297' title='bbox 763 2500 825 2528; x_wconf 83' lang='lat'>221</span> <span class='ocrx_word' id='word_1_298' title='bbox 852 2511 869 2538; x_wconf 83' lang='grc' dir='ltr'><em>ρ</em></span> <span class='ocrx_word' id='word_1_299' title='bbox 896 2498 972 2528; x_wconf 85' lang='lat'>525.</span> <span class='ocrx_word' id='word_1_300' title='bbox 1150 2496 1162 2526; x_wconf 75' lang='grc' dir='ltr'>ι·</span> <span class='ocrx_word' id='word_1_301' title='bbox 1187 2495 1204 2534; x_wconf 65' lang='grc' dir='ltr'>ξ</span> <span class='ocrx_word' id='word_1_302' title='bbox 1229 2497 1282 2526; x_wconf 81' lang='lat'>89.</span> <span class='ocrx_word' id='word_1_303' title='bbox 1441 2493 1463 2533; x_wconf 82' lang='lat' dir='ltr'><strong><em>j</em></strong></span> <span class='ocrx_word' id='word_1_304' title='bbox 1487 2497 1522 2524; x_wconf 82' lang='lat' dir='ltr'><em>H</em></span> <span class='ocrx_word' id='word_1_305' title='bbox 1545 2495 1619 2524; x_wconf 83' lang='lat'>188.</span> <span class='ocrx_word' id='word_1_306' title='bbox 1786 2492 1807 2522; x_wconf 81' lang='lat' dir='ltr'><em>k</em></span> <span class='ocrx_word' id='word_1_307' title='bbox 1828 2492 2012 2523; x_wconf 75' lang='lat' dir='ltr'>Relationis</span> 
     </span>
    </p>

    <p class='ocr_par' dir='ltr' id='par_1_8' title="bbox 186 2545 2012 2586">
     <span class='ocr_line' id='line_1_34' title="bbox 186 2545 2012 2586; baseline -0.003 -3"><span class='ocrx_word' id='word_1_308' title='bbox 186 2554 261 2583; x_wconf 78' lang='lat' dir='ltr'>sive</span> <span class='ocrx_word' id='word_1_309' title='bbox 294 2551 448 2583; x_wconf 84' lang='lat' dir='ltr'>commodi</span> <span class='ocrx_word' id='word_1_310' title='bbox 470 2553 526 2582; x_wconf 86' lang='lat' dir='ltr'>hic</span> <span class='ocrx_word' id='word_1_311' title='bbox 559 2554 611 2582; x_wconf 67' lang='lat' dir='ltr'>est</span> <span class='ocrx_word' id='word_1_312' title='bbox 643 2552 793 2586; x_wconf 79' lang='lat' dir='ltr'>dativus,</span> <span class='ocrx_word' id='word_1_313' title='bbox 816 2554 855 2581; x_wconf 79' lang='lat' dir='ltr'>ut</span> <span class='ocrx_word' id='word_1_314' title='bbox 884 2550 919 2580; x_wconf 90' lang='lat' dir='ltr'>in</span> <span class='ocrx_word' id='word_1_315' title='bbox 950 2551 1004 2580; x_wconf 81' lang='lat' dir='ltr'>his</span> <span class='ocrx_word' id='word_1_316' title='bbox 1035 2549 1153 2579; x_wconf 86' lang='lat' dir='ltr'>verbis</span> <span class='ocrx_word' id='word_1_317' title='bbox 1182 2547 1414 2586; x_wconf 82' lang='lat' dir='ltr'>Thucydidis:</span> <span class='ocrx_word' id='word_1_318' title='bbox 1433 2547 1632 2583; x_wconf 76' lang='grc' dir='ltr'><em>Ἐπίδαμνόσ</em></span> <span class='ocrx_word' id='word_1_319' title='bbox 1656 2549 1721 2576; x_wconf 72' lang='grc' dir='ltr'>ἐστι</span> <span class='ocrx_word' id='word_1_320' title='bbox 1744 2548 1837 2576; x_wconf 67' lang='lat' dir='ltr'>ndito</span> <span class='ocrx_word' id='word_1_321' title='bbox 1862 2548 1894 2575; x_wconf 69' lang='grc' dir='ltr'>ἐν</span> <span class='ocrx_word' id='word_1_322' title='bbox 1917 2545 2012 2580; x_wconf 74' lang='grc' dir='ltr'>δεξιᾶι</span> 
     </span>
    </p>

    <p class='ocr_par' dir='ltr' id='par_1_9' title="bbox 189 2598 2009 2640">
     <span class='ocr_line' id='line_1_35' title="bbox 189 2598 2009 2640; baseline -0.004 -4"><span class='ocrx_word' id='word_1_323' title='bbox 189 2605 363 2636; x_wconf 68' lang='grc' dir='ltr'>εἰσπλέοντι</span> <span class='ocrx_word' id='word_1_324' title='bbox 387 2605 442 2635; x_wconf 81' lang='grc' dir='ltr'>τὸν</span> <span class='ocrx_word' id='word_1_325' title='bbox 467 2605 580 2635; x_wconf 76' lang='grc' dir='ltr'><em>Ἰόνιον</em></span> <span class='ocrx_word' id='word_1_326' title='bbox 605 2606 729 2634; x_wconf 81' lang='grc' dir='ltr'><em>κόλπον.</em></span> <span class='ocrx_word' id='word_1_327' title='bbox 758 2604 824 2640; x_wconf 86' lang='lat' dir='ltr'>Qui</span> <span class='ocrx_word' id='word_1_328' title='bbox 855 2606 890 2633; x_wconf 83' lang='lat' dir='ltr'>et</span> <span class='ocrx_word' id='word_1_329' title='bbox 910 2602 1085 2632; x_wconf 86' lang='lat' dir='ltr'>adverbiis</span> <span class='ocrx_word' id='word_1_330' title='bbox 1104 2603 1169 2640; x_wconf 82' lang='grc' dir='ltr'>ἃμα</span> <span class='ocrx_word' id='word_1_331' title='bbox 1194 2603 1228 2631; x_wconf 86' lang='lat' dir='ltr'>et</span> <span class='ocrx_word' id='word_1_332' title='bbox 1248 2602 1326 2638; x_wconf 85' lang='grc' dir='ltr'><em>ὁμοῦ</em></span> <span class='ocrx_word' id='word_1_333' title='bbox 1349 2599 1576 2638; x_wconf 78' lang='lat' dir='ltr'>iungebatur:</span> <span class='ocrx_word' id='word_1_334' title='bbox 1603 2600 1637 2628; x_wconf 78' lang='lat' dir='ltr'><em>A</em></span> <span class='ocrx_word' id='word_1_335' title='bbox 1662 2599 1725 2628; x_wconf 86' lang='grc'>226</span> <span class='ocrx_word' id='word_1_336' title='bbox 1751 2601 1777 2628; x_wconf 87' lang='grc' dir='ltr'><strong>Ε</strong></span> <span class='ocrx_word' id='word_1_337' title='bbox 1799 2598 1862 2628; x_wconf 89' lang='grc'>867</span> <span class='ocrx_word' id='word_1_338' title='bbox 1889 2601 1925 2627; x_wconf 90' lang='lat' dir='ltr'><em>H</em></span> <span class='ocrx_word' id='word_1_339' title='bbox 1945 2599 2009 2628; x_wconf 85' lang='lat'>331</span> 
     </span>
    </p>

    <p class='ocr_par' dir='ltr' id='par_1_10' title="bbox 195 2650 2012 2696">
     <span class='ocr_line' id='line_1_36' title="bbox 195 2650 2012 2696; baseline -0.005 -8"><span class='ocrx_word' id='word_1_340' title='bbox 195 2662 219 2687; x_wconf 90' lang='grc'><strong>0</strong></span> <span class='ocrx_word' id='word_1_341' title='bbox 242 2659 306 2688; x_wconf 85' lang='grc'>118</span> <span class='ocrx_word' id='word_1_342' title='bbox 331 2657 390 2694; x_wconf 81' lang='lat' dir='ltr'>al.;</span> <span class='ocrx_word' id='word_1_343' title='bbox 413 2656 498 2687; x_wconf 86' lang='lat' dir='ltr'>item</span> <span class='ocrx_word' id='word_1_344' title='bbox 520 2659 653 2696; x_wconf 81' lang='lat' dir='ltr'>postea.</span> <span class='ocrx_word' id='word_1_345' title='bbox 850 2655 864 2685; x_wconf 82' lang='lat' dir='ltr'><em>l</em></span> <span class='ocrx_word' id='word_1_346' title='bbox 888 2659 922 2685; x_wconf 77' lang='grc' dir='ltr'><em>Ψ</em></span> <span class='ocrx_word' id='word_1_347' title='bbox 942 2655 1018 2685; x_wconf 83' lang='grc'>447.</span> <span class='ocrx_word' id='word_1_348' title='bbox 1040 2653 1176 2685; x_wconf 80' lang='lat' dir='ltr'>Similia</span> <span class='ocrx_word' id='word_1_349' title='bbox 1200 2657 1229 2682; x_wconf 91' lang='lat' dir='ltr'><em>Z</em></span> <span class='ocrx_word' id='word_1_350' title='bbox 1256 2653 1322 2682; x_wconf 83' lang='lat'>405</span> <span class='ocrx_word' id='word_1_351' title='bbox 1348 2655 1380 2682; x_wconf 86' lang='lat' dir='ltr'><em>H</em></span> <span class='ocrx_word' id='word_1_352' title='bbox 1403 2650 1468 2681; x_wconf 84' lang='lat'>852</span> <span class='ocrx_word' id='word_1_353' title='bbox 1497 2656 1525 2680; x_wconf 78' lang='grc' dir='ltr'><em>Υ</em></span> <span class='ocrx_word' id='word_1_354' title='bbox 1547 2652 1623 2687; x_wconf 89' lang='grc'><strong>283,</strong></span> <span class='ocrx_word' id='word_1_355' title='bbox 1649 2650 1713 2680; x_wconf 83' lang='lat'>449</span> <span class='ocrx_word' id='word_1_356' title='bbox 1739 2650 1800 2685; x_wconf 79' lang='lat' dir='ltr'>al.;</span> <span class='ocrx_word' id='word_1_357' title='bbox 1826 2658 1894 2688; x_wconf 77' lang='lat' dir='ltr'>qua</span> <span class='ocrx_word' id='word_1_358' title='bbox 1915 2659 1952 2680; x_wconf 87' lang='lat' dir='ltr'>re</span> <span class='ocrx_word' id='word_1_359' title='bbox 1975 2650 2012 2680; x_wconf 91' lang='lat' dir='ltr'>in</span> 
     </span>
    </p>

    <p class='ocr_par' dir='ltr' id='par_1_11' title="bbox 191 2704 2012 2748">
     <span class='ocr_line' id='line_1_37' title="bbox 191 2704 2012 2748; baseline -0.003 -9"><span class='ocrx_word' id='word_1_360' title='bbox 191 2717 343 2740; x_wconf 83' lang='lat' dir='ltr'>errorem</span> <span class='ocrx_word' id='word_1_361' title='bbox 377 2709 537 2748; x_wconf 83' lang='lat' dir='ltr'>perducti</span> <span class='ocrx_word' id='word_1_362' title='bbox 570 2709 639 2739; x_wconf 82' lang='lat' dir='ltr'>seri</span> <span class='ocrx_word' id='word_1_363' title='bbox 671 2709 864 2739; x_wconf 78' lang='lat' dir='ltr'>imitatores</span> <span class='ocrx_word' id='word_1_364' title='bbox 896 2716 1016 2738; x_wconf 84' lang='lat' dir='ltr'>vocem</span> <span class='ocrx_word' id='word_1_365' title='bbox 1051 2710 1080 2737; x_wconf 80' lang='grc' dir='ltr'><em>οἱ</em></span> <span class='ocrx_word' id='word_1_366' title='bbox 1113 2707 1188 2736; x_wconf 84' lang='lat' dir='ltr'>vice</span> <span class='ocrx_word' id='word_1_367' title='bbox 1217 2705 1410 2744; x_wconf 79' lang='lat' dir='ltr'>particulae</span> <span class='ocrx_word' id='word_1_368' title='bbox 1446 2704 1502 2742; x_wconf 94' lang='lat'>(=</span> <span class='ocrx_word' id='word_1_369' title='bbox 1519 2706 1579 2738; x_wconf 69' lang='grc' dir='ltr'><em>τοι)</em></span> <span class='ocrx_word' id='word_1_370' title='bbox 1615 2704 1839 2742; x_wconf 80' lang='lat' dir='ltr'>usurparunt,</span> <span class='ocrx_word' id='word_1_371' title='bbox 1875 2711 1926 2732; x_wconf 87' lang='lat' dir='ltr'>ex.</span> <span class='ocrx_word' id='word_1_372' title='bbox 1961 2711 2012 2740; x_wconf 85' lang='lat' dir='ltr'>gr.</span> 
     </span>
    </p>

    <p class='ocr_par' dir='ltr' id='par_1_12' title="bbox 188 2755 2013 2800">
     <span class='ocr_line' id='line_1_38' title="bbox 188 2755 2013 2800; baseline -0.005 -7"><span class='ocrx_word' id='word_1_373' title='bbox 188 2763 231 2799; x_wconf 82' lang='lat' dir='ltr'>Q.</span> <span class='ocrx_word' id='word_1_374' title='bbox 256 2762 389 2800; x_wconf 83' lang='lat' dir='ltr'>Smyrn.</span> <span class='ocrx_word' id='word_1_375' title='bbox 412 2762 467 2792; x_wconf 91' lang='grc' dir='ltr'>ΠΙ</span> <span class='ocrx_word' id='word_1_376' title='bbox 487 2763 528 2792; x_wconf 85' lang='grc'>57</span> <span class='ocrx_word' id='word_1_377' title='bbox 553 2763 630 2792; x_wconf 74' lang='grc' dir='ltr'>ἀλλὰ</span> <span class='ocrx_word' id='word_1_378' title='bbox 655 2764 683 2792; x_wconf 76' lang='grc' dir='ltr'><em>οἱ</em></span> <span class='ocrx_word' id='word_1_379' title='bbox 709 2761 746 2791; x_wconf 78' lang='grc' dir='ltr'><em>οὔ</em></span> <span class='ocrx_word' id='word_1_380' title='bbox 766 2772 794 2791; x_wconf 79' lang='grc' dir='ltr'>τι</span> <span class='ocrx_word' id='word_1_381' title='bbox 816 2760 820 2799; x_wconf 91' lang='grc' dir='ltr'>Ι</span> <span class='ocrx_word' id='word_1_382' title='bbox 844 2783 867 2790; x_wconf 92' lang='grc'>..</span> <span class='ocrx_word' id='word_1_383' title='bbox 882 2784 889 2790; x_wconf 89' lang='grc'><strong>.</strong></span> <span class='ocrx_word' id='word_1_384' title='bbox 903 2760 1063 2800; x_wconf 72' lang='grc' dir='ltr'><em>Κρονίδησ</em></span> <span class='ocrx_word' id='word_1_385' title='bbox 1083 2759 1123 2788; x_wconf 70' lang='grc' dir='ltr'>ἴτ’</span> <span class='ocrx_word' id='word_1_386' title='bbox 1139 2757 1314 2792; x_wconf 76' lang='grc' dir='ltr'><em>ἀνέξεται..</em></span> <span class='ocrx_word' id='word_1_387' title='bbox 1328 2780 1334 2786; x_wconf 95' lang='grc'><strong><em>.</em></strong></span> <span class='ocrx_word' id='word_1_388' title='bbox 1356 2755 1361 2796; x_wconf 88' lang='grc' dir='ltr'>Ι</span> <span class='ocrx_word' id='word_1_389' title='bbox 1383 2757 1462 2786; x_wconf 78' lang='grc' dir='ltr'><em>οὕτω</em></span> <span class='ocrx_word' id='word_1_390' title='bbox 1482 2759 1705 2797; x_wconf 77' lang='grc' dir='ltr'><em>μαργαίνοντα.</em></span> <span class='ocrx_word' id='word_1_391' title='bbox 1839 2764 1869 2784; x_wconf 88' lang='lat' dir='ltr'>m</span> <span class='ocrx_word' id='word_1_392' title='bbox 1893 2757 1922 2784; x_wconf 82' lang='lat' dir='ltr'><em>A</em></span> <span class='ocrx_word' id='word_1_393' title='bbox 1936 2756 2013 2785; x_wconf 82' lang='grc'>340.</span> 
     </span>
    </p>

    <p class='ocr_par' dir='ltr' id='par_1_13' title="bbox 325 2807 2012 2850">
     <span class='ocr_line' id='line_1_39' title="bbox 325 2807 2012 2850; baseline -0.004 -7"><span class='ocrx_word' id='word_1_394' title='bbox 325 2824 345 2843; x_wconf 80' lang='lat' dir='ltr'>n</span> <span class='ocrx_word' id='word_1_395' title='bbox 371 2817 406 2843; x_wconf 85' lang='grc' dir='ltr'><strong><em>Φ</em></strong></span> <span class='ocrx_word' id='word_1_396' title='bbox 429 2816 471 2844; x_wconf 90' lang='grc'>64</span> <span class='ocrx_word' id='word_1_397' title='bbox 496 2815 540 2845; x_wconf 87' lang='lat' dir='ltr'>al.</span> <span class='ocrx_word' id='word_1_398' title='bbox 740 2823 758 2843; x_wconf 93' lang='lat'><strong><em>0</em></strong></span> <span class='ocrx_word' id='word_1_399' title='bbox 782 2816 809 2843; x_wconf 90' lang='grc' dir='ltr'><strong><em>Ε</em></strong></span> <span class='ocrx_word' id='word_1_400' title='bbox 832 2814 896 2843; x_wconf 85' lang='grc'>300</span> <span class='ocrx_word' id='word_1_401' title='bbox 920 2813 963 2843; x_wconf 85' lang='lat' dir='ltr'>al.</span> <span class='ocrx_word' id='word_1_402' title='bbox 1147 2821 1168 2850; x_wconf 81' lang='lat' dir='ltr'>p</span> <span class='ocrx_word' id='word_1_403' title='bbox 1193 2812 1210 2846; x_wconf 86' lang='grc' dir='ltr'>ζ</span> <span class='ocrx_word' id='word_1_404' title='bbox 1232 2811 1295 2840; x_wconf 90' lang='grc'>307</span> <span class='ocrx_word' id='word_1_405' title='bbox 1321 2810 1365 2839; x_wconf 78' lang='lat' dir='ltr'>al.</span> <span class='ocrx_word' id='word_1_406' title='bbox 1552 2818 1570 2847; x_wconf 93' lang='lat' dir='ltr'><em>q</em></span> <span class='ocrx_word' id='word_1_407' title='bbox 1593 2808 1805 2844; x_wconf 80' lang='lat' dir='ltr'>Argumento</span> <span class='ocrx_word' id='word_1_408' title='bbox 1831 2809 1884 2837; x_wconf 85' lang='lat' dir='ltr'>est</span> <span class='ocrx_word' id='word_1_409' title='bbox 1908 2807 2012 2837; x_wconf 81' lang='lat' dir='ltr'>etiam</span> 
     </span>
    </p>

    <p class='ocr_par' dir='ltr' id='par_1_14' title="bbox 191 2859 2012 2907">
     <span class='ocr_line' id='line_1_40' title="bbox 191 2859 2012 2907; baseline -0.005 -10"><span class='ocrx_word' id='word_1_410' title='bbox 191 2875 224 2897; x_wconf 80' lang='lat' dir='ltr'>v.</span> <span class='ocrx_word' id='word_1_411' title='bbox 248 2867 271 2897; x_wconf 92' lang='lat' dir='ltr'>l.</span> <span class='ocrx_word' id='word_1_412' title='bbox 293 2879 310 2896; x_wconf 83' lang='grc' dir='ltr'><em>κ</em></span> <span class='ocrx_word' id='word_1_413' title='bbox 337 2867 401 2897; x_wconf 79' lang='grc'>377</span> <span class='ocrx_word' id='word_1_414' title='bbox 425 2867 501 2905; x_wconf 76' lang='grc' dir='ltr'>ἄγχι</span> <span class='ocrx_word' id='word_1_415' title='bbox 524 2867 749 2907; x_wconf 75' lang='grc' dir='ltr'>παρισταμένη,</span> <span class='ocrx_word' id='word_1_416' title='bbox 773 2867 875 2904; x_wconf 80' lang='grc' dir='ltr'><em>ἀγχοῦ</em></span> <span class='ocrx_word' id='word_1_417' title='bbox 898 2865 924 2894; x_wconf 81' lang='grc' dir='ltr'>δ’</span> <span class='ocrx_word' id='word_1_418' title='bbox 950 2864 1108 2902; x_wconf 76' lang='grc' dir='ltr'><em>ἱσταμένη.</em></span> <span class='ocrx_word' id='word_1_419' title='bbox 1132 2864 1208 2902; x_wconf 76' lang='grc' dir='ltr'><strong><em>ἄγχι</em></strong></span> <span class='ocrx_word' id='word_1_420' title='bbox 1227 2863 1260 2892; x_wconf 76' lang='grc' dir='ltr'>δέ</span> <span class='ocrx_word' id='word_1_421' title='bbox 1282 2862 1312 2900; x_wconf 86' lang='grc' dir='ltr'>μ’</span> <span class='ocrx_word' id='word_1_422' title='bbox 1339 2861 1498 2899; x_wconf 63' lang='grc' dir='ltr'><em>ἱσταμένη.</em></span> <span class='ocrx_word' id='word_1_423' title='bbox 1775 2869 1793 2889; x_wconf 86' lang='lat' dir='ltr'>r</span> <span class='ocrx_word' id='word_1_424' title='bbox 1817 2862 1845 2889; x_wconf 90' lang='grc' dir='ltr'><strong><em>Β</em></strong></span> <span class='ocrx_word' id='word_1_425' title='bbox 1871 2859 1946 2894; x_wconf 75' lang='grc'><strong>172,</strong></span> <span class='ocrx_word' id='word_1_426' title='bbox 1972 2859 2012 2889; x_wconf 83' lang='grc'>79</span> 
     </span>
    </p>

    <p class='ocr_par' dir='ltr' id='par_1_15' title="bbox 194 2911 2013 2954">
     <span class='ocr_line' id='line_1_41' title="bbox 194 2911 2013 2954; baseline -0.004 -5"><span class='ocrx_word' id='word_1_427' title='bbox 194 2922 225 2949; x_wconf 91' lang='grc' dir='ltr'><strong>Γ</strong></span> <span class='ocrx_word' id='word_1_428' title='bbox 253 2920 315 2950; x_wconf 88' lang='grc'>129</span> <span class='ocrx_word' id='word_1_429' title='bbox 348 2921 375 2948; x_wconf 89' lang='lat' dir='ltr'><em>A</em></span> <span class='ocrx_word' id='word_1_430' title='bbox 408 2919 462 2954; x_wconf 84' lang='lat'>92,</span> <span class='ocrx_word' id='word_1_431' title='bbox 493 2920 557 2949; x_wconf 80' lang='lat'>203</span> <span class='ocrx_word' id='word_1_432' title='bbox 593 2921 620 2948; x_wconf 85' lang='grc' dir='ltr'>Ε</span> <span class='ocrx_word' id='word_1_433' title='bbox 652 2919 714 2948; x_wconf 90' lang='grc'>123</span> <span class='ocrx_word' id='word_1_434' title='bbox 747 2921 776 2947; x_wconf 84' lang='grc' dir='ltr'><em>Λ</em></span> <span class='ocrx_word' id='word_1_435' title='bbox 802 2919 865 2948; x_wconf 87' lang='grc'><strong>199</strong></span> <span class='ocrx_word' id='word_1_436' title='bbox 902 2921 934 2947; x_wconf 87' lang='lat' dir='ltr'><strong><em>N</em></strong></span> <span class='ocrx_word' id='word_1_437' title='bbox 963 2918 1038 2952; x_wconf 81' lang='lat'>462,</span> <span class='ocrx_word' id='word_1_438' title='bbox 1071 2917 1134 2947; x_wconf 85' lang='grc'>768</span> <span class='ocrx_word' id='word_1_439' title='bbox 1169 2916 1206 2948; x_wconf 86' lang='grc' dir='ltr'><em>Ξ</em></span> <span class='ocrx_word' id='word_1_440' title='bbox 1235 2916 1299 2944; x_wconf 86' lang='grc'>356</span> <span class='ocrx_word' id='word_1_441' title='bbox 1339 2918 1362 2943; x_wconf 93' lang='grc' dir='ltr'><em>Ο</em></span> <span class='ocrx_word' id='word_1_442' title='bbox 1388 2914 1464 2950; x_wconf 85' lang='grc'><strong>173,</strong></span> <span class='ocrx_word' id='word_1_443' title='bbox 1492 2913 1556 2943; x_wconf 83' lang='grc'><strong>243</strong></span> <span class='ocrx_word' id='word_1_444' title='bbox 1593 2911 1715 2942; x_wconf 80' lang='grc' dir='ltr'>Π537</span> <span class='ocrx_word' id='word_1_445' title='bbox 1751 2913 1780 2941; x_wconf 85' lang='grc' dir='ltr'><strong>Ρ</strong></span> <span class='ocrx_word' id='word_1_446' title='bbox 1801 2912 1866 2941; x_wconf 74' lang='grc'>684</span> <span class='ocrx_word' id='word_1_447' title='bbox 1900 2914 1928 2941; x_wconf 84' lang='grc' dir='ltr'><em>Σ</em></span> <span class='ocrx_word' id='word_1_448' title='bbox 1950 2912 2013 2942; x_wconf 85' lang='grc'><strong>169</strong></span> 
     </span>
    </p>

    <p class='ocr_par' dir='ltr' id='par_1_16' title="bbox 191 2963 2015 3011">
     <span class='ocr_line' id='line_1_42' title="bbox 191 2963 2015 3011; baseline -0.005 -10"><span class='ocrx_word' id='word_1_449' title='bbox 191 2974 230 3001; x_wconf 82' lang='lat' dir='ltr'><em>X</em></span> <span class='ocrx_word' id='word_1_450' title='bbox 251 2970 327 3008; x_wconf 84' lang='lat'>215,</span> <span class='ocrx_word' id='word_1_451' title='bbox 351 2971 416 3001; x_wconf 86' lang='grc'>228</span> <span class='ocrx_word' id='word_1_452' title='bbox 453 2972 484 3001; x_wconf 88' lang='grc' dir='ltr'>,Ω</span> <span class='ocrx_word' id='word_1_453' title='bbox 508 2971 548 3001; x_wconf 91' lang='grc'>87</span> <span class='ocrx_word' id='word_1_454' title='bbox 588 2971 605 3000; x_wconf 84' lang='grc' dir='ltr'><strong><em>ὁ</em></strong></span> <span class='ocrx_word' id='word_1_455' title='bbox 629 2971 670 3000; x_wconf 85' lang='grc'><strong>25</strong></span> <span class='ocrx_word' id='word_1_456' title='bbox 707 2983 720 2999; x_wconf 81' lang='grc' dir='ltr'><strong><em>ε</em></strong></span> <span class='ocrx_word' id='word_1_457' title='bbox 744 2971 807 3000; x_wconf 87' lang='grc'>159</span> <span class='ocrx_word' id='word_1_458' title='bbox 842 2981 858 2999; x_wconf 89' lang='grc' dir='ltr'><em>ο</em></span> <span class='ocrx_word' id='word_1_459' title='bbox 883 2971 900 2999; x_wconf 85' lang='grc'><strong>9</strong></span> <span class='ocrx_word' id='word_1_460' title='bbox 937 2981 954 3011; x_wconf 86' lang='grc' dir='ltr'><em>ρ</em></span> <span class='ocrx_word' id='word_1_461' title='bbox 978 2969 1054 3004; x_wconf 84' lang='grc'><strong>349,</strong></span> <span class='ocrx_word' id='word_1_462' title='bbox 1076 2969 1140 2998; x_wconf 88' lang='grc'><strong>552</strong></span> <span class='ocrx_word' id='word_1_463' title='bbox 1177 2979 1200 3006; x_wconf 86' lang='grc' dir='ltr'><em>χ</em></span> <span class='ocrx_word' id='word_1_464' title='bbox 1229 2968 1292 2997; x_wconf 92' lang='grc'>100</span> <span class='ocrx_word' id='word_1_465' title='bbox 1329 2966 1362 2996; x_wconf 88' lang='lat' dir='ltr'>h.</span> <span class='ocrx_word' id='word_1_466' title='bbox 1398 2964 1475 2995; x_wconf 85' lang='lat' dir='ltr'>Cer.</span> <span class='ocrx_word' id='word_1_467' title='bbox 1511 2965 1589 2994; x_wconf 83' lang='grc'>347.</span> <span class='ocrx_word' id='word_1_468' title='bbox 1626 2964 1714 2994; x_wconf 81' lang='lat' dir='ltr'>Item</span> <span class='ocrx_word' id='word_1_469' title='bbox 1748 2971 1811 3002; x_wconf 89' lang='lat' dir='ltr'>pro</span> <span class='ocrx_word' id='word_1_470' title='bbox 1844 2965 1948 3002; x_wconf 78' lang='grc' dir='ltr'><em>ἀγχοῦ</em></span> <span class='ocrx_word' id='word_1_471' title='bbox 1982 2963 2015 2993; x_wconf 81' lang='grc' dir='ltr'>δὲ</span> 
     </span>
    </p>

    <p class='ocr_par' dir='ltr' id='par_1_17' title="bbox 190 3015 2014 3063">
     <span class='ocr_line' id='line_1_43' title="bbox 190 3015 2014 3063; baseline -0.005 -9"><span class='ocrx_word' id='word_1_472' title='bbox 190 3023 368 3063; x_wconf 72' lang='grc' dir='ltr'><em>ξύμβληντο</em></span> <span class='ocrx_word' id='word_1_473' title='bbox 391 3024 421 3053; x_wconf 86' lang='grc' dir='ltr'><em>Ω</em></span> <span class='ocrx_word' id='word_1_474' title='bbox 446 3023 510 3053; x_wconf 87' lang='grc'>709</span> <span class='ocrx_word' id='word_1_475' title='bbox 533 3023 600 3061; x_wconf 85' lang='lat' dir='ltr'>leg.</span> <span class='ocrx_word' id='word_1_476' title='bbox 623 3023 699 3061; x_wconf 81' lang='grc' dir='ltr'><strong><em>ἄγχι</em></strong></span> <span class='ocrx_word' id='word_1_477' title='bbox 723 3023 756 3052; x_wconf 85' lang='grc' dir='ltr'>δέ</span> <span class='ocrx_word' id='word_1_478' title='bbox 779 3034 844 3060; x_wconf 74' lang='lat' dir='ltr'>fo«.</span> <span class='ocrx_word' id='word_1_479' title='bbox 994 3030 1010 3050; x_wconf 74' lang='lat' dir='ltr'>s</span> <span class='ocrx_word' id='word_1_480' title='bbox 1036 3019 1117 3056; x_wconf 77' lang='lat' dir='ltr'>Pag.</span> <span class='ocrx_word' id='word_1_481' title='bbox 1142 3021 1182 3050; x_wconf 88' lang='lat'>81</span> <span class='ocrx_word' id='word_1_482' title='bbox 1197 3029 1232 3059; x_wconf 79' lang='lat'>9.</span> <span class='ocrx_word' id='word_1_483' title='bbox 1391 3019 1404 3048; x_wconf 81' lang='lat' dir='ltr'>t</span> <span class='ocrx_word' id='word_1_484' title='bbox 1426 3017 1446 3056; x_wconf 69' lang='grc' dir='ltr'>ἓ</span> <span class='ocrx_word' id='word_1_485' title='bbox 1468 3018 1544 3047; x_wconf 86' lang='grc'><strong>322.</strong></span> <span class='ocrx_word' id='word_1_486' title='bbox 1708 3026 1729 3046; x_wconf 82' lang='lat' dir='ltr'>u</span> <span class='ocrx_word' id='word_1_487' title='bbox 1753 3016 1826 3046; x_wconf 89' lang='lat' dir='ltr'>Hoc</span> <span class='ocrx_word' id='word_1_488' title='bbox 1849 3015 2014 3046; x_wconf 72' lang='lat' dir='ltr'>traditum</span> 
     </span>
    </p>

    <p class='ocr_par' dir='ltr' id='par_1_18' title="bbox 193 3067 2016 3167">
     <span class='ocr_line' id='line_1_44' title="bbox 193 3067 2016 3108; baseline -0.005 -2"><span class='ocrx_word' id='word_1_489' title='bbox 193 3078 248 3106; x_wconf 74' lang='lat' dir='ltr'>est</span> <span class='ocrx_word' id='word_1_490' title='bbox 271 3078 305 3108; x_wconf 92' lang='grc' dir='ltr'><em>Ξ</em></span> <span class='ocrx_word' id='word_1_491' title='bbox 328 3077 392 3106; x_wconf 89' lang='grc'>412</span> <span class='ocrx_word' id='word_1_492' title='bbox 419 3079 452 3106; x_wconf 76' lang='grc' dir='ltr'><em>Ψ</em></span> <span class='ocrx_word' id='word_1_493' title='bbox 474 3077 537 3106; x_wconf 88' lang='grc'>762</span> <span class='ocrx_word' id='word_1_494' title='bbox 562 3088 579 3104; x_wconf 80' lang='grc' dir='ltr'><em>ν</em></span> <span class='ocrx_word' id='word_1_495' title='bbox 605 3076 680 3106; x_wconf 86' lang='grc'><strong>103.</strong></span> <span class='ocrx_word' id='word_1_496' title='bbox 836 3084 855 3104; x_wconf 83' lang='lat' dir='ltr'><em>v</em></span> <span class='ocrx_word' id='word_1_497' title='bbox 879 3074 935 3104; x_wconf 82' lang='lat' dir='ltr'>Sic</span> <span class='ocrx_word' id='word_1_498' title='bbox 959 3073 981 3103; x_wconf 95' lang='lat'>1.</span> <span class='ocrx_word' id='word_1_499' title='bbox 1008 3082 1038 3102; x_wconf 87' lang='lat' dir='ltr'>a.</span> <span class='ocrx_word' id='word_1_500' title='bbox 1063 3085 1079 3102; x_wconf 81' lang='grc' dir='ltr'><em>ν</em></span> <span class='ocrx_word' id='word_1_501' title='bbox 1104 3073 1179 3103; x_wconf 82' lang='grc'><strong>108.</strong></span> <span class='ocrx_word' id='word_1_502' title='bbox 1337 3081 1363 3100; x_wconf 82' lang='lat' dir='ltr'><em>w</em></span> <span class='ocrx_word' id='word_1_503' title='bbox 1387 3070 1427 3100; x_wconf 91' lang='lat' dir='ltr'>In</span> <span class='ocrx_word' id='word_1_504' title='bbox 1450 3068 1506 3100; x_wconf 77' lang='lat' dir='ltr'>his</span> <span class='ocrx_word' id='word_1_505' title='bbox 1529 3071 1717 3108; x_wconf 74' lang='grc' dir='ltr'><em>ἀγχίμοχοσ</em></span> <span class='ocrx_word' id='word_1_506' title='bbox 1742 3071 1774 3098; x_wconf 84' lang='lat' dir='ltr'><strong><em>N</em></strong></span> <span class='ocrx_word' id='word_1_507' title='bbox 1796 3069 1814 3099; x_wconf 86' lang='lat'><strong>5</strong></span> <span class='ocrx_word' id='word_1_508' title='bbox 1842 3069 1899 3106; x_wconf 71' lang='lat' dir='ltr'>al..</span> <span class='ocrx_word' id='word_1_509' title='bbox 1923 3067 2016 3106; x_wconf 89' lang='lat' dir='ltr'>quod</span> 
     </span>
     <span class='ocr_line' id='line_1_45' title="bbox 194 3127 1045 3167; baseline -0.004 -8"><span class='ocrx_word' id='word_1_510' title='bbox 194 3129 230 3158; x_wconf 91' lang='lat' dir='ltr'>in</span> <span class='ocrx_word' id='word_1_511' title='bbox 253 3129 352 3159; x_wconf 90' lang='lat' dir='ltr'>codd.</span> <span class='ocrx_word' id='word_1_512' title='bbox 371 3129 549 3167; x_wconf 87' lang='lat' dir='ltr'>plerisque</span> <span class='ocrx_word' id='word_1_513' title='bbox 573 3128 763 3167; x_wconf 79' lang='grc' dir='ltr'><em>ἀγχέμαχοσ</em></span> <span class='ocrx_word' id='word_1_514' title='bbox 789 3129 842 3157; x_wconf 83' lang='lat' dir='ltr'>est</span> <span class='ocrx_word' id='word_1_515' title='bbox 865 3127 1045 3165; x_wconf 85' lang='lat' dir='ltr'>scriptum.</span> 
     </span>
    </p>
   </div>
   <div class='ocr_carea' id='block_1_5' title="bbox 265 3193 1908 3233">
    <p class='ocr_par' dir='ltr' id='par_1_19' title="bbox 265 3193 1908 3233">
     <span class='ocr_line' id='line_1_46' title="bbox 265 3193 1908 3233; baseline -0.006 -3"><span class='ocrx_word' id='word_1_516' title='bbox 265 3203 340 3230; x_wconf 84' lang='lat' dir='ltr'>Van</span> <span class='ocrx_word' id='word_1_517' title='bbox 358 3202 529 3233; x_wconf 83' lang='lat' dir='ltr'>Lesuwen.</span> <span class='ocrx_word' id='word_1_518' title='bbox 547 3199 785 3230; x_wconf 81' lang='lat' dir='ltr'>Euchiridium.</span> <span class='ocrx_word' id='word_1_519' title='bbox 1871 3193 1908 3220; x_wconf 83' lang='lat'>25</span> 
     </span>
    </p>
   </div>
  </div>
 </body>
</html>
