2234 3443
230 131 282 168 72
751 141 805 169 Du
839 141 1077 170 VOGALIBUS
1109 141 1159 168 ΕΤ
1194 140 1505 170 ΒῙΡΗΤΗοΝωε,
1909 136 1948 179 [ἓ
1985 135 2037 172 10

225 257 312 304 καγ)
343 253 455 304 γόνυ,
485 255 634 302 quidni
665 265 720 294 ex
750 255 1009 294 auctoritate
1040 255 1231 302 lapidum
1266 255 1540 293 vetustorum
1580 255 1871 294 restituuntur
1903 257 2037 296 etiam

225 318 270 370 ἐμ
312 320 455 370 φόνωι,
493 321 572 371 σὺμ
611 323 755 371 φόνωι,
791 323 868 371 niu
906 321 1037 370 πόλιν,
1075 323 1148 373 thy
1188 321 1356 370 κούρην,
1390 322 1477 360 alia
1509 331 1617 369 quae
1649 322 1901 362 huiusmodi
1931 326 2037 363 Sunt

224 388 443 437 plurima?
488 389 598 427 Nam
644 399 773 436 quam
821 390 954 428 libere
1000 389 1154 428 Graeci
1209 398 1424 427 consonas
1470 387 1626 427 finales
1678 390 2039 429 assimulaverint

225 455 380 494 docent
409 453 536 494 ὃπόκα
567 459 624 493 uk
656 460 726 501 (=
744 460 817 501 τισ)
841 459 919 506 λῆι,
947 454 1100 506 πατρὸδ
1132 455 1284 494 δῶντοσ
1314 462 1385 501 (=
1403 455 1554 506 πατρὸσ
1585 457 1760 506 genos),
1794 457 1958 496 Similia
1989 459 2031 497 in

222 522 316 571 lege
347 522 558 570 Gortynia
587 526 780 563 exarata.

341 590 423 629 Sed
461 591 635 639 longius
675 592 782 630 haec
822 592 1054 630 discedunt
1093 601 1118 629 a
1157 590 1327 629 ratione
1369 591 1599 638 hodierna;
1643 596 1905 640 quapropter
1946 591 2032 631 alia

222 656 293 695 via
323 657 510 696 fortasse
540 659 742 697 ineunda.
783 659 894 697 Nam
928 659 965 696 si
996 667 1192 697 consona
1223 656 1369 696 finalis
1399 659 1776 706 praepositionum
1808 658 1857 696 ἄν
1890 662 1935 698 et
1965 660 2036 697 κάτ

221 733 306 762 non
351 725 437 763 nisi
481 725 525 763 in
572 725 856 773 composicione
901 727 1109 775 mutetur,
1159 725 1359 773 regnabit
1408 725 1715 775 aequabilitas,
1761 736 1871 774 quae
1917 737 2032 766 nunc

221 801 347 839 aegre
384 792 667 831 desideratur.
708 793 861 840 Itaque
902 789 953 830 ἂν
990 792 1136 841 φόνον,
1174 789 1224 830 ἂν
1264 793 1448 843 βωμοῖσι,
1487 791 1559 830 κὰτ
1593 793 1708 844 γόνυ,
1737 791 1809 831 κὰτ
1839 798 2032 844 κεφαλῆσ,

219 856 290 895 κὰτ
314 858 451 896 πεὸίον
477 860 642 907 scripta
667 859 904 898 malumus.
932 859 1106 898 Vetusti
1133 870 1234 898 vero
1262 861 1542 908 grammatici
1569 870 1702 899 sonos
1728 876 1749 897 ν
1777 864 1820 900 et
1841 876 1859 898 τ
1877 862 2030 900 vicinis

219 918 470 964 assimulari
516 928 791 975 iussei·unta;
835 927 910 965 sed
953 930 1099 966 utrum
1141 927 1411 966 coniunctim
1452 928 1666 975 scriptum
1708 926 1932 978 ἀμβωμοῐσι
1974 939 2028 968 an

219 991 395 1031 divisim
436 991 489 1041 ἀμ
530 990 613 1043 (ἂμ)
652 995 820 1044 βωμοῖσι
859 994 1020 1033 melius
1062 998 1274 1043 congruat
1316 1005 1415 1033 cum
1458 995 1635 1034 illorum
1668 996 1883 1044 opinione,
1916 1006 2031 1035 vana

218 1061 324 1098 haec
368 1062 436 1099 est
481 1062 693 1110 quaestio,
741 1063 944 1109 qnoniam
987 1063 1165 1110 scriptio
1208 1063 1414 1102 continua
1450 1065 1554 1102 tunc
1590 1060 1844 1111 regnabatb.
1877 1063 2029 1102 Eidem

217 1128 365 1170 autem
409 1128 488 1166 viri
534 1128 648 1167 docti
687 1129 926 1177 probarunt
970 1128 1181 1168 lectiones
1222 1128 1486 1180 ἀνξηράνηισ,
1530 1126 1736 1179 ἀνλέξαιᾶ,
1781 1128 2033 1169 ἀνλύεσκονε

221 1193 313 1242 ,διὰ
343 1201 413 1233 τοῦ
446 1197 513 1235 ν”.
545 1196 652 1235 Tam
683 1198 851 1236 incerta
882 1199 926 1236 et
955 1197 1177 1235 fluitantia
1208 1197 1315 1235 haec
1345 1199 1450 1235 sunt
1481 1198 1643 1236 omnia.

334 1263 393 1302 At
419 1274 518 1302 cum
545 1275 595 1303 ea
621 1275 750 1313 quam
776 1265 1005 1312 tetigimus
1030 1265 1285 1312 quaestione
1314 1265 1520 1304 cohaeret
1548 1265 1645 1313 alia,
1673 1274 1783 1312 quae
1804 1265 2028 1312 aliquanto

216 1330 395 1369 maioris
436 1338 503 1370 est
544 1334 758 1371 momenti
798 1334 841 1371 et
880 1332 1021 1371 multo
1052 1333 1188 1371 latius
1217 1333 1423 1381 pertinet.
1460 1332 1694 1371 Truncatas
1724 1333 1857 1380 prisci
1887 1341 2027 1380 gram-

215 1397 366 1436 matici
412 1398 629 1437 ducebant
672 1401 912 1449 particulas
953 1399 1017 1447 ἄν,
1054 1400 1138 1450 κάτ,
1178 1400 1273 1450 πάρ,
1313 1399 1385 1449 ἅρε
1428 1410 1515 1438 11011
1556 1400 1641 1438 nisi
1672 1401 1726 1438 iis
1757 1400 1890 1448 igitur
1920 1400 2028 1438 locis

214 1465 510 1511 agnoscebant
549 1466 623 1505 ubi
652 1468 913 1516 sequebatur
942 1478 1135 1507 consona.
1169 1469 1226 1506 At
1256 1469 1451 1516 integras
1483 1467 1619 1506 fuisse
1651 1468 1778 1506 modo
1811 1468 2026 1505 vidimus:

212 1533 408 1579 sequitur
450 1536 500 1572 ut
538 1545 744 1583 rogemus
782 1535 932 1583 quidni
963 1539 1006 1574 et
1038 1539 1140 1574 ante
1169 1537 1323 1574 vocales
1354 1535 1519 1573 fuerint
1551 1535 1818 1583 usurpatae?
1851 1534 1941 1583 Qua
1974 1535 2026 1573 de

212 1609 258 1637 re
304 1610 402 1638 cum
450 1601 776 1649 interrogantur
819 1604 1000 1652 lapides,
1047 1604 1119 1651 qui
1165 1603 1249 1641 soli
1289 1606 1392 1641 sunt
1438 1604 1577 1641 testes
1623 1602 1877 1651 locupletes,
1925 1604 2025 1648 quia

212 1667 385 1706 vocales
426 1668 606 1708 elisione
641 1671 898 1709 obscuratae
938 1672 982 1708 in
1023 1671 1092 1708 his
1123 1680 1207 1708 non
1241 1670 1442 1708 solebant
1473 1668 1662 1718 omittis,
1694 1671 1874 1717 apparet
1907 1678 2024 1716 prae-

209 1734 479 1782 positionum
510 1736 675 1776 formas
706 1738 944 1786 disyllabas
975 1739 1043 1776 vix
1067 1748 1261 1785 unquam
1288 1741 1391 1776 ante
1419 1738 1593 1776 vocales
1621 1747 1718 1776 esse
1745 1742 2021 1784 usurpatasy.

210 1799 368 1839 Parum
398 1802 530 1850 igitur
560 1802 676 1843 firmi
706 1805 882 1844 fuerunt
912 1807 1284 1855 praepositionum
1317 1806 1412 1844 soni
1445 1804 1598 1844 finales
1628 1820 1688 1854 -α,
1712 1819 1759 1853 -ι,
1782 1819 1822 1841 -ο
1856 1806 1899 1842 et
1930 1805 2024 1841 sine

209 1867 472 1908 detrimento
511 1873 716 1918 poterant
755 1873 880 1913 abici.
922 1873 1078 1912 Abici‘?
1118 1873 1279 1911 immo:
1314 1883 1400 1911 non
1433 1872 1545 1911 addi.
1579 1872 1632 1910 Et
1662 1872 1705 1909 in
1738 1872 2024 1919 compositione

207 1937 323 1974 certe
346 1936 524 1977 illarum
554 1939 771 1978 vocalium
799 1941 919 1980 nulla
944 1941 1080 1980 fuisse
1113 1940 1300 1988 vestigia
1332 1941 1445 1978 inter
1470 1949 1625 1978 omnes
1652 1941 1851 1978 constat:
1879 1948 2024 1977 noune

206 2003 340 2050 igitur
380 2005 539 2044 melius
570 2008 639 2045 est
669 2007 824 2057 dicere,
857 2019 932 2048 eas
963 2008 1063 2047 inde
1094 2008 1147 2047 ab
1178 2008 1301 2046 initio
1333 2017 1388 2046 ne
1421 2008 1615 2046 adfuisse
1642 2007 1851 2053 quidem?
1883 2015 1968 2044 non
2001 2016 2023 2043 e

207 2070 407 2121 παρα-ὲχω
449 2074 543 2111 sive
581 2071 769 2125 παρ’-ἔχω
808 2078 962 2114 natum
1006 2086 1103 2114 esse
1145 2075 1315 2125 παρέχω,
1356 2074 1432 2113 sed
1474 2075 1672 2122 integras
1705 2073 1859 2112 ambas
1891 2082 2022 2111 voces

205 2138 499 2187 iuxtapositas
540 2142 584 2180 in
617 2152 751 2181 unum
786 2144 968 2183 verbum
1001 2144 1230 2192 coaluisse,
1263 2158 1343 2192 παρ
1376 2145 1418 2182 et
1450 2141 1556 2192 ἕχωὶ)
1587 2142 1656 2180 Sic
1688 2143 1865 2180 demum
1896 2141 2018 2179 intel-

204 2205 361 2253 legitur
410 2218 486 2246 cur
531 2219 665 2248 sonus
704 2225 736 2247 -ι
777 2212 829 2249 ab
871 2211 1051 2250 elisione
1091 2211 1334 2260 posteriore
1377 2212 1492 2249 certe
1534 2219 1642 2248 aevo
1684 2206 1888 2246 alienush
1929 2217 2015 2246 non

203 2272 425 2312 obstiterit
455 2277 689 2323 quominus
721 2278 935 2317 diceretur
967 2278 1112 2329 ἀντέχω
1145 2278 1215 2317 vel
1247 2277 1380 2328 ἐπέχω.

287 2423 308 2442 a
332 2414 444 2444 Schol.
473 2419 497 2445 εν
520 2416 582 2444 441
607 2428 620 2445 ι
646 2417 707 2446 156
733 2429 745 2445 ε
771 2418 834 2446 329
858 2426 910 2454 sq⁴
1045 2417 1061 2447 b
1086 2417 1208 2446 Aliena
1231 2417 1274 2446 ab
1298 2417 1363 2446 hae
1389 2417 1592 2454 quaestione
1617 2417 1698 2445 sunt
1720 2415 2012 2445 Herodia1=ihaeo

202 2464 304 2495 verba
334 2463 458 2506 (schol.
491 2469 516 2497 Θ
547 2469 622 2503 441,
652 2469 706 2498 Et.
737 2470 780 2498 M.
812 2470 865 2505 81,
899 2471 967 2506 15):
1000 2468 1214 2510 Ἰἀμβωμοι·σι]
1239 2471 1451 2510 Άρίσταρχοσ
1475 2470 1530 2498 δύο
1553 2469 1632 2509 μέρη
1655 2470 1748 2505 λόγου
1772 2470 2010 2509 παραλαμβάνει

202 2518 271 2557 ,καὶ
302 2525 522 2559 προπερισπᾶι.
552 2521 629 2558 λέγει
659 2526 732 2558 γοῦν
763 2522 813 2551 καὶ
843 2523 991 2561 ἀλλαχοῦ·
1021 2525 1163 2562 χρύσειοι
1193 2522 1224 2551 d’
1252 2521 1313 2561 ἄρα
1336 2526 1441 2563 κοῦροι
1465 2522 1623 2559 ἐϋδμήτων
1648 2522 1696 2550 ἐπὶ
1719 2526 1833 2560 βωμῶν
1859 2520 1893 2561 (η
1921 2520 2009 2560 100).

201 2570 283 2611 ,,χρὴ
303 2572 407 2607 μέντοι
432 2575 592 2609 γινώσκειν
616 2573 662 2602 ὅτι
687 2574 736 2603 διὰ
759 2579 813 2603 τοῦ
838 2587 859 2609 μ
883 2577 1034 2615 γράφεται
1058 2575 1115 2604 κᾶν
1138 2578 1322 2614 παράθεοισ
1348 2572 1386 2611 ἧι,
1412 2575 1529 2611 ὀμοίωσ
1554 2580 1617 2604 τῶι·
1639 2574 1682 2611 ἂμ
1706 2577 1802 2613 φόνον
1834 2572 1871 2602 ἂν
1896 2573 2009 2602 ι’έκυιισ

197 2624 243 2659 (K
266 2624 379 2662 298)”.
409 2624 629 2655 Aristarchus
659 2626 912 2663 obloquebatur
939 2628 981 2657 iis
1013 2629 1071 2665 qui
1099 2627 1254 2658 dativum
1278 2628 1375 2658 illum
1401 2636 1419 2656 a
1443 2628 1652 2657 nominativo
1672 2625 1830 2656 inaudito
1853 2627 2007 2665 ὰμμωμόσ

199 2676 251 2705 vel
274 2678 383 2717 ἀμμών
405 2678 618 2716 repetebant.
804 2689 820 2709 c
845 2683 880 2709 Φ
904 2682 979 2710 347.
1169 2681 1192 2710 d
1215 2684 1250 2710 Φ
1276 2682 1350 2710 321,
1529 2690 1545 2710 e
1569 2691 1585 2709 z
1614 2681 1687 2710 150,
1859 2680 1889 2719 s
1910 2678 1929 2716 ξ
1957 2679 2007 2706 13.

324 2741 346 2770 q
372 2731 423 2760 Ad
455 2731 747 2770 praepositionem
780 2738 849 2773 περι
879 2733 964 2762 haec
995 2743 1062 2763 non
1094 2738 1264 2772 spectant,
1295 2735 1394 2763 cuius
1425 2732 1528 2763 sonus
1562 2732 1676 2762 finalis
1706 2742 1773 2762 non
1806 2731 2010 2761 elidebatur.

197 2782 410 2821 Quamquam
441 2786 475 2814 111
505 2784 646 2815 Aeolica
677 2788 713 2815 et
741 2786 866 2815 Dorica
897 2787 1055 2816 dialectis
1078 2789 1135 2827 πέρ
1160 2789 1263 2817 etiam
1289 2789 1368 2816 ante
1392 2795 1558 2816 consonas
1583 2784 1712 2815 dictum
1739 2786 1792 2814 est
1815 2791 1930 2821 [sepe.
1953 2790 2004 2811 ex.

196 2844 245 2872 gr.
277 2834 374 2866 Pind.
405 2838 456 2868 Ol.
482 2839 526 2869 VI
550 2841 590 2869 65
621 2839 723 2868 inser.
755 2837 855 2877 Cypr.
886 2836 956 2869 60²⁷
986 2840 1107 2869 Thess.
1133 2837 1268 2869 34517240
1290 2840 1342 2870 El.
1369 2841 1452 2869 1149
1478 2839 1596 2876 Epigr.
1620 2837 1741 2868 Kaibel
1767 2837 1843 2871 870,
1865 2835 2005 2864 nomina

201 2891 389 2930 Πορκλείδᾶσ
420 2892 499 2921 Dor.
528 2893 627 2929 4533,
661 2895 802 2933 Περκλῆσ
836 2893 910 2928 1143,
944 2895 1105 2934 Πέρκαλοσ
1138 2896 1172 2923 et
1204 2895 1370 2932 Περφερήσ
1403 2892 1565 2921 Herodot.
1594 2891 1638 2920 VI
1671 2892 1710 2920 65
1744 2888 1786 2918 lV
1820 2890 1874 2923 33,
1903 2890 1938 2917 et
1968 2887 2001 2916 iu

196 2942 337 2972 Hesiodi
368 2944 569 2981 Theogonis
599 2948 670 2985 περί
700 2946 753 2975 bis
784 2948 839 2976 est
862 2946 1002 2976 elisum:
1037 2950 1168 2985 περίαχε
1199 2955 1247 2975 vs.
1271 2947 1335 2976 678
1364 2946 1445 2983 (nisi
1471 2944 1631 2974 Schulzio
1662 2948 1715 2972 est.
1743 2940 2001 2971 assentiendum

193 2997 358 3035 περί-,ραχι
389 2997 626 3035 interpretato,
657 3000 672 3033 ξ
705 3001 744 3028 41
777 3007 803 3028 s.
829 3008 858 3028 v.
892 2999 1043 3037 fefdxm),
1076 3002 1257 3038 περοίχεται
1292 3007 1341 3028 vs.
1368 2999 1442 3028 733.
1477 2997 1589 3026 Etiam
1626 2995 1703 3030 alis,
1738 3003 1827 3032 quae
1856 2994 2002 3022 Doricae

193 3046 354 3077 dictionis
376 3050 525 3087 fuerunt,
548 3050 640 3088 apud
663 3051 853 3082 Hesiodum
877 3052 1050 3089 leguntur,
1081 3054 1098 3089 ᾗ
1121 3052 1160 3081 57
1196 3055 1229 3081 et
1253 3053 1305 3082 60.
1329 3051 1423 3087 Quae
1448 3058 1528 3079 vero
1561 3049 1703 3078 comicis
1726 3048 1850 3078 Atticis
1873 3046 2001 3075 tributa

192 3105 272 3132 sunt
293 3104 444 3142 περ-ισ-’ναι
469 3109 502 3133 et
526 3107 662 3144 ηερ-ιών,
686 3105 855 3135 debentur
878 3106 1052 3136 erroribus
1074 3105 1306 3135 librariorum.
1464 3102 1484 3131 Ιι
1506 3101 1525 3140 ξ
1552 3104 1603 3132 13-
