2234 3443
197 201 220 246 g
256 199 354 244 144]
721 207 775 234 DE
807 206 1168 235 coNFORMATIONE
1201 205 1479 234 PRAESENTIS.
1928 197 2011 235 275

192 322 343 370 lingua
372 321 495 370 epica
525 314 835 369 procreverunt
864 320 1025 368 stirpes
1056 318 1299 367 disyllabae
1332 318 1400 357 vel
1426 318 1724 367 polysyllabae
1757 320 1799 356 in
1832 317 2012 358 vocalem

194 390 458 429 desinentes
505 387 757 427 Cuiusmodi
798 387 943 426 verbis
984 388 1075 425 vim
1116 387 1363 425 intensivam
1394 386 1464 424 vel
1494 387 1846 433 frequentativam
1878 387 2015 425 fuisse

193 456 426 505 propriam,
474 456 652 503 apparet
695 454 827 494 verbo
872 453 1107 504 εὐχετάομαι
1153 453 1222 492 vel
1268 452 1477 501 λαμπετάω
1525 453 1682 491 collato
1726 464 1824 492 cum
1867 453 2013 492 verbis

191 524 344 562 latinis
388 524 431 562 in
477 525 580 561 -tare
625 521 948 568 desinentibus;
996 521 1150 560 eodem
1192 521 1309 559 enim
1353 520 1510 558 suffixo
1552 521 1658 559 haec
1699 523 1803 558 sunt
1845 523 2011 559 ornata.

196 591 278 631 Sed
319 592 473 640 poetae
513 590 622 638 epici
663 590 796 628 verba
838 589 1036 627 derivata
1077 588 1327 637 promiscue
1368 588 1458 626 fere
1492 598 1592 626 cum
1625 588 1861 636 primitivis
1894 598 2014 627 usur-

192 660 351 708 parunt
396 660 439 696 et
483 657 527 696 in
575 656 897 695 conformandis
943 656 1194 694 huiusmodi
1235 654 1380 693 verbis
1422 665 1585 702 magna
1616 655 1818 694 libertate
1850 655 2036 702 versati⁴

193 727 310 764 sunt.
341 725 418 763 Ex,
455 734 541 772 gr.:

311 790 452 841 τρέμω,
481 788 644 839 τρομέω.
1162 787 1316 838 πέρθω,
1343 787 1505 837 πορθέω
1520 785 1550 825 ἦ.

313 857 436 907 φέρω,
465 855 596 906 φορέω
610 865 639 893 α.
1162 855 1313 905 στείχω,
1343 855 1498 906 στιχάω.

312 925 492 974 πέλομαι,
525 923 725 974 πωλὲομαι
738 921 766 961 b.
1160 922 1268 973 ἴσχω,
1299 922 1459 973 ἰσχάνω,
1490 922 1665 973 ἰσχανάω
1680 921 1702 960 2'.

314 991 431 1042 νέμω,
455 992 612 1041 νωμάω.
1161 991 1310 1040 φαίνω,
1340 991 1576 1041 παμφαίνω,
1605 993 1850 1041 παμφανάω.

311 1059 479 1110 εἴρομαι,
502 1058 609 1108 ἐρέω,
634 1058 803 1108 ἕρεείνω,
827 1059 1000 1108 εἰρωτάω
1016 1066 1041 1096 ⁶.
1164 1057 1319 1109 νέομαι,
1354 1058 1512 1097 νοστέω.

313 1126 487 1178 δέχομαι,
519 1126 650 1165 danaim
663 1124 695 1175 d,
726 1127 890 1165 δοκεύω.
1160 1126 1332 1177 οἴχομαι,
1363 1125 1514 1176 οἰχνέω.

312 1193 452 1244 τρέπω,
480 1194 652 1245 τροπάω,
685 1194 966 1243 τροπαλίζομαι
978 1201 1004 1230 e·
1161 1191 1318 1243 ὅρνῦμι,
1348 1190 1480 1242 ὀρίνω,
1512 1189 1712 1244 ὀροθΰνω,

313 1260 480 1312 στρέφω,
510 1261 710 1311 στροφάω,
739 1259 1025 1311 στροφαλίζωῘ.
1165 1259 1344 1311 εὔχομαι,
1373 1260 1615 1310 εὐχετάομαι.

312 1329 444 1380 τρέχω,
474 1329 668 1379 τροχάωθ.
1161 1328 1319 1378 λάμπω,
1348 1328 1570 1377 λαμπετάω.

314 1396 438 1445 fiam,
467 1394 596 1444 ἆφάω.
1162 1395 1275 1445 ναίω,
1306 1394 1512 1433 ναιετάωᾸ.

313 1464 362 1503 In
394 1463 488 1502 -ιάω
521 1464 748 1502 desinunt:

314 1529 497 1580 ἄντομαι,
527 1529 672 1575 ἀντάω,
702 1529 862 1569 ἀντιάω.
1161 1529 1365 1580 δέρκομαι,
1395 1530 1627 1579 δερκιάομαι
1640 1539 1679 1568 Μ.

312 1598 471 1647 θάλπω,
499 1598 686 1636 &aiamim
700 1595 730 1635 k,
1161 1597 1295 1647 ἀείδω,
1326 1597 1504 1636 ἀοιδιάω.

311 1663 487 1715 κέλομαι,
520 1666 680 1714 κελεύω,
708 1665 918 1704 κελευτιάω
934 1663 954 1703 l.
1165 1666 1319 1716 γελαίω,
1349 1667 1514 1716 γελοιάω
1529 1674 1559 1702 η.

309 1733 422 1772 Item
469 1734 575 1772 haec
622 1733 767 1780 verba,
814 1744 999 1782 quorum
1051 1735 1186 1783 stirps
1234 1734 1404 1773 brevior
1441 1744 1525 1772 non
1569 1733 1655 1772 nisi
1687 1734 1730 1771 in
1763 1734 2014 1774 nominibus

195 1803 418 1849 superest:

311 1868 451 1917 κῦδοσ,
484 1868 634 1906 κῦδιάω
647 1876 676 1905 ⁰.
1163 1868 1363 1917 κελαινόσ,
1394 1867 1718 1918 ἀκροκελαινιάω.

311 1939 441 1983 μῆτισ,
472 1935 668 1984 μητιάωΡ.
1161 1935 1336 1985 φάλαρα,
1366 1935 1588 1984 φαλκριάω.

308 2002 498 2052 γλαυκόσ,
523 2003 736 2053 γλαυκιάω.
1158 2001 1270 2051 ἕδρη,
1298 2001 1546 2052 ἓδριάομαιῖ.

312 2069 455 2108 Etiam
497 2072 596 2118 post
632 2070 810 2109 Homeri
843 2072 1031 2109 aetatem
1063 2071 1212 2119 lingua
1243 2070 1407 2109 Graeca
1433 2070 1557 2109 ferax
1588 2070 1671 2109 fuit
1704 2071 1936 2110 verborum
1969 2071 2012 2110 in

192 2142 263 2174 -ᾶυ
290 2137 359 2176 vel
391 2138 434 2176 in
466 2144 553 2175 -ιᾶν
584 2139 892 2186 desinentium,
927 2149 994 2177 ex.
1027 2149 1089 2186 gr.
1121 2139 1351 2188 γειτ(ο)νιᾶν
1364 2145 1394 2177 r.
1427 2137 1596 2186 Proprii
1625 2138 1726 2185 quid
1759 2138 1822 2176 sic
1854 2138 2011 2176 indica·

193 2203 334 2253 batur,
382 2206 429 2243 ut
470 2206 603 2254 epicis
644 2206 788 2245 verbis
828 2206 956 2244 modo
1000 2206 1145 2244 allatis
1184 2205 1427 2256 γλαυκιάειν,
1457 2205 1730 2254 -κελαινιάειν,
1760 2205 2015 2255 φαλκριάειν,

194 2280 323 2320 saepe
355 2275 501 2311 autem
533 2274 722 2312 studium
753 2273 823 2312 vel
854 2273 1039 2319 morbus,
1067 2284 1135 2311 ex.
1165 2283 1227 2321 gr.
1252 2279 1372 2310 τοκᾶν
1386 2280 1413 2319 ³,
1429 2278 1563 2320 φουᾶν
1579 2275 1604 2322 t,
1619 2275 1784 2322 χολᾶνα,
1801 2279 1970 2311 ναυτιᾶν
1983 2279 2014 2323 v,

193 2342 445 2388 μαθητιᾶνω.
487 2339 618 2379 Cuius
657 2351 764 2379 usus
807 2341 1164 2379 vetustissimum
1203 2340 1456 2388 exemplum
1490 2342 1558 2378 est
1590 2340 1867 2389 participium
1900 2340 2013 2379 δεδο-

194 2404 414 2455 κκμένοσ-Υ.

314 2473 554 2513 Verborum
581 2475 945 2514 desiderativorum
977 2475 1019 2513 in
1050 2475 1160 2512 -σείω
1193 2474 1502 2523 desinentium,
1537 2485 1648 2522 quae
1680 2477 1833 2523 postea
1865 2475 2015 2515 crebra

283 2636 303 2656 a
323 2625 342 2664 ξ
368 2627 443 2656 311.
576 2623 592 2653 b
616 2623 635 2661 ξ
660 2623 735 2652 275.
756 2620 921 2652 Insolitus
940 2624 992 2651 est
1011 2629 1115 2651 sonus
1135 2633 1158 2650 ω
1177 2621 1281 2651 huius
1293 2621 1389 2651 verbi
1402 2624 1436 2651 et
1447 2622 1596 2660 proximi
1609 2623 1732 2658 νωμάω.
1867 2631 1883 2651 c
1907 2623 2013 2658 §264.

329 2676 351 2707 d
362 2677 480 2707 Solum
493 2675 699 2713 διδοκημένοσ
716 2679 739 2704 Ο
752 2674 1071 2710 Ἷ30,Ξδεδεγμένοσ
1084 2676 1115 2702 ἐν
1127 2674 1310 2713 προδοκῆισι
1323 2677 1350 2702 Δ
1367 2675 1440 2710 107,
1456 2675 1524 2704 Att.
1538 2674 1730 2715 προσδοκῶν.
1865 2683 1882 2703 e
1903 2673 1922 2711 ξ
1937 2675 2013 2704 251.

328 2730 352 2767 f
369 2730 388 2768 ξ
426 2731 503 2766 248;
529 2729 784 2758 substantivum
809 2726 1005 2768 στροφάλιγξ.
1036 2725 1157 2756 Simile
1182 2728 1235 2756 est
1257 2727 1420 2756 suffixum
1446 2726 1541 2757 vocis
1564 2729 1715 2767 τροφαλίσ
1740 2736 1758 2756 a
1782 2727 1887 2756 verbo
1910 2727 2012 2766 τρέφω

196 2783 321 2813 ductae
345 2783 401 2812 Ar.
425 2782 527 2820 Vesp.
551 2782 614 2811 838
640 2781 695 2814 al.,
719 2789 808 2818 quae
831 2781 865 2809 in
890 2778 1017 2818 priscis
1041 2778 1255 2809 carminibus
1278 2788 1346 2809 non
1369 2779 1557 2810 invenitur.
1843 2789 1865 2818 y
1891 2779 1910 2817 ξ
1935 2780 2012 2809 310.

329 2834 348 2864 Ιι
368 2835 387 2873 ξ
412 2836 486 2866 211.
632 2833 644 2862 ι’
663 2833 714 2863 De
737 2832 885 2873 cupiendi
907 2832 1012 2862 verbo
1036 2834 1156 2870 ἰχανάω
1176 2832 1256 2861 hinc
1283 2833 1395 2862 alieno
1420 2835 1448 2862 P
1470 2833 1545 2862 572.
1738 2830 1760 2870 j
1783 2830 1840 2861 Sic
1862 2831 2013 2862 studendi

194 2888 337 2918 verbum
361 2886 657 2926 posthomericum
682 2888 810 2923 μελετᾶν
828 2887 882 2915 est
903 2884 1046 2914 ductum
1071 2893 1089 2913 a
1112 2884 1219 2914 verbo
1243 2885 1343 2921 μέλειν
1365 2883 1455 2914 cordi
1473 2894 1548 2914 esse.
1739 2883 1760 2913 lc
1788 2884 1860 2913 Hoc
1883 2884 2013 2913 intran-

193 2940 344 2970 sitivum.
501 2938 514 2967 l
534 2937 554 2975 2}
578 2939 652 2967 266.
808 2947 837 2965 m
860 2937 941 2967 Hes.
966 2937 1095 2974 Theog.
1120 2937 1195 2967 911.
1360 2947 1380 2966 n
1404 2937 1582 2974 Disyllaba
1607 2938 1659 2966 est
1682 2937 1805 2966 horum
1828 2936 2011 2966 verborum

194 2992 309 3030 stirps.
444 3000 461 3020 0
485 2986 599 3020 -κῧὸᾶσ
624 2991 641 3026 ξ
667 2986 756 3025 150⁷,
780 2990 902 3018 κΰδάνω
925 2989 996 3018 sive
1021 2989 1155 3018 κῦδαίνω
1179 2991 1194 3025 5
1221 2990 1295 3019 143.
1429 2999 1449 3028 p
1474 2989 1606 3018 Similis
1625 2988 1811 3018 intercedit
1822 2989 1909 3018 ratio
1922 2989 2013 3019 inter

196 3044 334 3074 nomina
356 3048 449 3081 μῆτισ
474 3045 507 3072 et
528 3042 656 3080 μητιέτα
678 3051 757 3080 pag.
783 3043 844 3071 162
858 3052 890 3071 u.
1024 3050 1042 3080 q
1067 3041 1086 3079 ξ
1111 3042 1186 3072 220.
1335 3052 1352 3070 ν
1376 3041 1433 3071 Ar.
1459 3039 1552 3070 Eccl.
1577 3041 1641 3070 327
1666 3041 1709 3071 al.
1844 3050 1860 3070 3
1883 3039 2011 3071 Cratin.

197 3095 238 3125 fr.
263 3096 340 3126 449.
496 3097 508 3124 t
530 3095 635 3132 Soph.
660 3096 736 3124 Ant.
767 3095 828 3124 117
853 3092 998 3124 Philoct.
1024 3095 1120 3124 1209.
1315 3105 1334 3124 ιι
1358 3093 1414 3123 Ar.
1439 3093 1527 3124 Nub.
1552 3094 1616 3123 833
1641 3093 1685 3123 al.
1829 3103 1847 3123 v
1871 3093 2011 3124 Thesm.

199 3148 263 3178 882
288 3148 331 3178 al.
464 3158 491 3178 w
513 3147 601 3178 Nub.
627 3148 702 3177 183.
835 3157 856 3177 :c
880 3147 968 3177 Nota
990 3145 1021 3176 d.
