2234 3443
200 182 224 227 ἓ
259 180 327 225 13]
726 189 781 217 DE
815 190 1057 219 VOOALfflus
1088 191 1139 218 ET
1171 191 1482 220 DIPHTHONGIS.
1960 187 2010 225 77
2040 178 2043 180 v

195 303 456 353 premendae
503 304 630 341 erant
677 302 862 351 vocaleS,
911 313 936 341 a
981 303 1274 342 scribentibus
1321 315 1400 344 suo
1442 306 1566 353 signo
1604 306 1920 347 indicabantur.
1962 310 2011 348 In

192 370 417 410 vocalibus
455 385 500 406 -α
542 371 584 408 et
614 383 650 406 -ε
687 370 1030 408 inconstantiam
1073 371 1266 418 aliquam
1297 374 1519 411 testantur
1549 373 1901 424 inscriptionesa‚
1935 378 2011 415 sed

191 439 232 477 ei
261 438 370 486 soni,
399 447 583 485 quorum
615 437 753 475 rarior
786 439 880 475 erat
912 436 1048 485 elisio,
1078 438 1153 476 vix
1186 449 1378 486 unquam
1411 449 1436 477 a
1467 440 1690 488 lapidariis
1721 442 1791 480 vel
1820 442 2012 482 librariis

192 507 297 545 sunt
326 505 495 544 omissi.
527 504 668 542 Etiam
699 505 743 542 in
778 505 998 552 epicorum
1030 505 1163 553 igitur
1195 507 1440 545 carminum
1469 508 1794 556 exemplaribus
1820 510 1891 548 hic
1914 520 2012 549 mos

192 572 393 622 regnavit
435 572 655 621 primitus,
704 574 748 609 et
796 571 912 610 clara
953 572 1048 610 eius
1090 573 1282 621 vestigia
1323 577 1536 622 apparent
1577 585 1644 613 ex.
1678 585 1740 623 gr.
1773 576 1816 613 in
1847 576 1946 616 libri
1980 580 2015 615 Τ

192 641 378 691 quodam
427 636 598 688 vers-ub,
646 639 718 677 ubi
765 640 869 677 olim
910 639 995 678 fuit
1025 641 1871 693 ΣΑΚΕΙΕΛΑΣΕΟΒΡΙΜΟΝΕΓΧΟΣ,
1901 655 2010 692 quas

193 709 366 748 litteras
412 707 485 746 alii
530 707 807 755 interpretati
846 709 971 747 sunt:
1019 706 1133 745 σάκεϊ
1175 704 1277 747 {aad
1326 706 1494 759 ὄβριμον
1540 708 1667 760 ἔγχοσ,
1716 710 1813 748 alii:
1858 707 2009 756 σάκε’(ῑ)

190 775 338 826 ἤλασεν
384 772 554 824 ὄβριμον
599 772 724 824 ἔγχοσ.
771 774 932 812 Eadem
976 784 1109 813 causa
1152 775 1297 814 effecit
1338 778 1386 815 ut
1428 787 1450 815 e
1491 777 1653 816 litteris
1686 778 2008 817 ΗΊΙΕΜΩΙΩ-

191 842 456 882 ΚΤΜΟΡΩΙ
483 843 578 880 sive
610 836 726 885 υἷ’(ϊ)
758 839 854 888 ἐμῶι
886 838 1097 891 ὠκυμόρωι
1130 846 1388 883 nasceretur
1419 844 1549 883 lectio
1575 844 1660 883 υἱεῖ
1677 843 1773 894 ἐμῶι
1799 843 2005 898 ὠκυμόρωι

187 922 361 969 propter
391 927 601 956 sonorum
633 931 700 954 -ωι
732 913 781 954 ὠ·
813 917 1038 964 synizesin
1072 918 1141 957 vel
1174 920 1318 958 crasin
1350 920 1641 959 intolerabilis
1654 927 1681 968 ὃ,
1715 901 1814 961 et}
1845 923 2007 963 litteris

188 984 832 1026 ΛΣΠΙΔΙΕΝΙΧΡΙΜΦΘΕΙΣ
876 985 971 1023 Sive
1016 982 1209 1030 ἀσπίδ’(ι)
1256 984 1537 1036 ἕνιχριμφθείσ
1587 987 1709 1027 fieret
1761 988 1899 1029 ἀσπίδι
1944 990 2004 1042 ἐγ-

185 1050 448 1105 χριμφθείσά.

300 1121 444 1160 Etiam
478 1119 761 1158 Aristarchus
790 1120 988 1167 integros
1018 1121 1318 1168 perscribebat
1347 1122 1514 1161 multos
1544 1133 1675 1162 sonos
1707 1120 1889 1164 elisione
1915 1137 2004 1175 pre-

184 1189 379 1235 mendOS,
408 1198 476 1226 ex.
505 1198 567 1236 gr.
591 1188 734 1235 κήρυκι
758 1183 1018 1235 'stammana
1046 1189 1158 1235 quod
1186 1190 1312 1228 hodie
1340 1200 1511 1238 quoque
1530 1191 1690 1238 legitur
1707 1193 1749 1229 in
1768 1193 1999 1242 codicibus,

183 1255 551 1306 quemadmodum
584 1255 628 1293 in
660 1257 837 1293 vetusto
869 1256 1055 1303 quodam
1089 1257 1410 1305 epigrammate
1444 1261 1675 1297 exaratum
1709 1262 1856 1299 extat:

389 1322 802 1360 ΚΗΡΥΚΙΑΘΑΝΑ
812 1322 1153 1361 ΤΩΝΕΡΜΗΙΣ
1161 1326 1454 1363 ΤΗΣΑΜΜΕ
1462 1326 1566 1364 ΑΓΟ
1574 1327 1731 1364 ΡΑΙΩΙ
1741 1325 1772 1367 f.

299 1390 595 1430 Herodianum
623 1391 770 1427 autem
798 1389 841 1427 in
871 1400 1060 1429 errorem
1090 1394 1306 1439 pertraxit
1331 1394 1474 1441 prisca
1500 1395 1606 1432 haec
1632 1395 1744 1433 ratio
1767 1396 1999 1445 scribendi,

181 1469 257 1508 pro
287 1459 449 1507 dactylo
479 1458 595 1496 enim
628 1457 817 1495 habebat
848 1468 1000 1497 vocem
1032 1460 1191 1506 κήρυκι.

296 1526 439 1564 Etiam
495 1526 725 1573 sequentia
771 1525 983 1564 vocabula
1038 1527 1090 1565 ab
1137 1528 1393 1568 Aristarcho
1441 1530 1614 1578 integra
1661 1533 1765 1570 sunt
1810 1532 1995 1580 scripta:

179 1592 343 1643 δαμέντι
389 1595 609 1644 Ἀχιλῆοσθ,
657 1592 871 1631 κανόνεσσι
923 1591 1168 1645 ἀραρυῖανῆ,
1209 1594 1420 1646 ἕλκήσουσι
1461 1596 1624 1643 ἀϊκῶσῐ,
1669 1594 1744 1636 εἶσι
1788 1597 1998 1648 donemus,

180 1659 294 1712 δειλέ,
334 1655 407 1712 fik,
438 1658 552 1709 δειλέ,
582 1659 630 1699 οὐ
645 1658 669 1709 l,
696 1663 825 1710 Σῶκε,
850 1658 1048 1701 Ἱππάσου
1063 1671 1104 1709 m,
1136 1661 1310 1714 ἀκέοντε,
1339 1663 1451 1703 ἄλλοι
1464 1674 1497 1714 ⁷²,
1528 1680 1580 1715 τε,
1610 1663 1674 1715 ὃθ,
1704 1681 1742 1705 τε
1774 1665 1875 1716 ὡσΡ,
1905 1666 1996 1705 οὔτε

177 1727 383 1777 ἇλιῶσαιφ,
398 1726 527 1767 ἑλόντε
542 1726 686 1777 ἀγέμεν
698 1736 727 1777 r,
742 1728 905 1767 εὕδοντε
923 1728 1000 1769 ἐνδ.
1020 1730 1131 1778 Ergo
1150 1742 1309 1771 sonum
1328 1732 1505 1772 finalem
1524 1732 1565 1771 ἐκ
1582 1734 1762 1783 πλήρουσ
1780 1735 1995 1775 scribebat

177 1797 250 1836 ubi
281 1796 544 1844 sequebatur
568 1796 842 1845 interpunctio
874 1797 943 1836 vel
973 1798 1145 1846 spiritus
1176 1811 1300 1848 asper
1330 1803 1374 1839 et
1405 1802 1478 1840 ubi
1509 1803 1552 1840 in
1584 1813 1776 1841 errorem
1810 1803 1995 1842 lectores

175 1865 380 1905 inducere
420 1864 638 1912 potuisset
679 1865 885 1903 omissus.
917 1865 1010 1904 Non
1050 1868 1165 1906 enim
1211 1869 1264 1906 iis
1305 1869 1412 1908 solis
1449 1871 1521 1917 qui
1551 1870 1719 1909 laudati
1752 1873 1856 1909 sunt
1887 1871 1995 1910 locis

175 1933 288 1972 hanc
317 1932 536 1970 rationem
569 1933 747 1970 secutus
777 1942 876 1971 esse
900 1935 1145 1973 censendus
1172 1938 1253 1984 est,
1283 1937 1358 1975 sed
1386 1940 1429 1975 et
1455 1937 1553 1976 aliis
1579 1938 1652 1986 qui
1677 1940 1782 1977 sunt
1807 1939 1990 1988 similes,

174 2000 277 2039 licet
308 1998 478 2038 scholia
508 2008 618 2046 quae
650 1999 702 2037 ad
735 2009 815 2037 nos
847 2004 1142 2047 pervenerunt
1173 2002 1232 2041 ibi
1265 2006 1437 2043 taceant
1454 2005 1478 2044 t.

290 2067 437 2115 Neque
478 2067 522 2104 in
564 2066 891 2115 exemplaribus
933 2078 1044 2116 quae
1076 2073 1268 2109 aetatem
1302 2072 1500 2111 tulerunt
1532 2074 1693 2112 frustra
1725 2076 1993 2121 quaeruntur

171 2135 359 2183 vestigia
397 2134 566 2183 priscae
607 2134 737 2172 huius
778 2135 962 2174 rationis
1005 2137 1265 2186 scribendiu,
1300 2149 1369 2178 ex.
1401 2150 1488 2187 gr.:
1522 2140 1691 2178 δαιτιοτε
1722 2139 1840 2185 (δαιτὶ
1873 2139 1991 2192 ὅτευ,

168 2205 338 2240 θεινιενι
365 2199 470 2246 (θινὶ
494 2199 568 2246 ἔνι)
580 2202 959 2252 ’0,κεκαλυπτοοδαρ
975 2199 1241 2253 (κεκάλυφθ’,
1258 2202 1278 2243 ὃ
1297 2203 1331 2244 δ’
1354 2203 1477 2256 ἄρ’)-ΐ,
1493 2218 1829 2258 αστεριοπωρινωι
1845 2206 1985 2258 (ἀστέρ’

174 2265 442 2318 ὀπωρινῶι)ἐ7’,
471 2268 573 2307 δῶκε
605 2266 648 2306 δέ
679 2283 746 2319 μοι
778 2267 960 2319 ἕκδείρασ
972 2278 1002 2310 ².
1034 2272 1084 2311 In
1117 2273 1322 2312 omnibus
1354 2277 1503 2314 autem
1535 2275 1720 2324 legitur:

581 2333 811 2384 ἕσσυμένωσ
843 2335 1030 2376 ἐπένοντο
1061 2337 1128 2376 καὶ
1159 2338 1370 2379 ἐντύνοντο
1403 2340 1564 2391 ἄριστον
1578 2349 1609 2392 a,

169 2406 395 2442 servatum
438 2403 554 2442 felici
585 2413 728 2442 errore
759 2404 1035 2444 librariorum
1070 2417 1155 2445 non
1187 2409 1474 2448 sentientium
1509 2410 1623 2448 hunc
1656 2421 1833 2450 versum
1867 2423 1988 2449 enov-

254 2569 274 2589 a
295 2559 357 2588 Ex.
388 2567 438 2597 gr.
473 2562 608 2589 νεσθεενι
629 2558 634 2597 Ι
655 2564 906 2599 ιπραγμαγαθον
930 2561 1001 2591 sive
1027 2566 1134 2591 ιἐἷοθε
1158 2564 1207 2592 ἐπὶ
1231 2565 1346 2603 πρᾶγμ’
1373 2566 1499 2603 ἀγαθόν
1522 2565 1604 2596 CIA.
1628 2567 1644 2596 I
1669 2568 1747 2606 463,
1771 2567 1983 2607 οαματοδεαρ-

168 2611 666 2652 νιαδαχαροποστονδολισεναρεο
699 2612 770 2642 sive
806 2618 891 2649 σᾶμα
920 2614 989 2643 τόδε
1014 2615 1172 2654 Ἀρκάδα·
1206 2617 1356 2657 χαροπὸσ
1390 2616 1479 2654 (autz
1515 2619 1663 2660 Άριίάδα
1689 2619 1867 2660 Χάροποσ)
1892 2619 1978 2649 τώδ’

166 2666 276 2695 ὤλεσεν
292 2664 395 2704 ”Aona
419 2663 555 2702 Corcyr.
581 2665 679 2694 3189.
812 2664 829 2694 b
855 2670 883 2694 Υ
905 2667 980 2696 259.
1114 2676 1131 2697 c
1153 2671 1180 2698 Σ
1203 2669 1278 2705 458,
1303 2670 1320 2707 5
1346 2672 1376 2700 8.
1511 2670 1534 2701 d
1556 2675 1591 2701 H
1612 2673 1687 2702 272.
1822 2682 1839 2701 e
1861 2675 1890 2701 P
1906 2673 1982 2702 324.

291 2715 322 2756 s
339 2715 461 2746 Kaibel
484 2714 603 2754 Epigr.
628 2717 692 2746 772
716 2715 817 2754 (CIG.
842 2716 955 2758 2156).
1119 2724 1200 2760 φΠ
1222 2722 1298 2751 854.
1475 2723 1496 2753 Ιι
1519 2727 1551 2754 Ν
1574 2725 1648 2754 407.
1812 2724 1825 2754 i
1848 2727 1883 2753 X
1905 2725 1981 2754 336.

289 2770 311 2811 j
333 2773 350 2806 ζ
372 2771 446 2800 131.
581 2769 601 2798 k
623 2772 653 2798 A
677 2771 752 2800 441.
890 2771 953 2800 [Δ
978 2773 1054 2802 452.
1197 2784 1224 2803 m
1248 2777 1277 2804 A
1303 2776 1379 2806 450.
1515 2787 1535 2806 n
1558 2776 1573 2811 ξ
1598 2778 1672 2807 195.
1806 2786 1824 2807 o
1847 2780 1881 2806 X
1904 2777 1980 2807 470.

296 2834 316 2863 p
341 2822 453 2853 Schol.
485 2822 614 2852 Genev.
646 2825 675 2852 Β
704 2823 779 2853 330.
810 2824 865 2853 Sic
897 2825 929 2853 in
962 2828 1098 2855 vetusta
1130 2826 1356 2866 inscriptione
1389 2838 1468 2859 arae
1496 2829 1654 2860 Orisaeae
1680 2830 1804 2867 iegitur
1830 2826 1982 2865 ΤΕΗΟὲ,

164 2878 268 2908 Phoc.
292 2877 376 2907 1537
401 2875 505 2913 (IGA.
531 2875 622 2912 314).
768 2887 786 2916 q
811 2889 823 2906 ε
850 2878 924 2907 104.
1079 2890 1096 2909 ν
1121 2882 1154 2909 Λ
1180 2881 1256 2911 323.
1412 2892 1428 2912 s
1452 2895 1467 2912 ο
1490 2884 1519 2918 5,
1543 2883 1708 2913 Ludwich
1732 2882 1836 2912 Arist.
1860 2884 1876 2912 I
1902 2884 1977 2913 610.

297 2930 310 2958 i
331 2928 381 2958 La
402 2927 519 2958 Boche
544 2927 736 2958 Textkritik
760 2930 824 2958 396
849 2939 936 2967 sqq„
959 2930 1184 2963 Friedlander
1207 2933 1356 2964 Nicanor
1383 2936 1445 2965 126
1469 2943 1545 2972 sqq.
1702 2946 1723 2966 u
1747 2936 1865 2973 Multa,
1889 2944 1978 2974 quae

165 2985 246 3015 sunt
266 2980 520 3015 huiuscemodi,
540 2980 685 3018 praebet
703 2990 857 3019 papyrus
877 2983 1036 3013 Herodae
1056 2985 1110 3015 vel
1132 2995 1286 3025 papyrus
1299 2988 1433 3017 Orestis
1454 2987 1643 3026 Euripidis,
1662 2989 1697 3018 in
1717 2997 1786 3026 qua
1798 2989 1976 3027 leguntur:

165 3047 366 3079 χαιρεουγαρ,
395 3044 568 3073 μητιραωσ,
597 3045 962 3075 κατηγγυησαεταιρειαν,
993 3041 1219 3075 ομμαομιλιασ,
1251 3043 1475 3079 εβουλευσαων,
1506 3041 1624 3071 Nieole
1647 3040 1763 3071 Revue
1787 3041 1829 3071 de
1855 3041 1979 3071 Philol.

164 3089 262 3126 1895,
287 3087 474 3118 105-108.
693 3096 711 3116 v
736 3090 764 3116 Δ
790 3088 853 3117 259
878 3097 958 3127 pap.
985 3090 1058 3120 136.
1272 3102 1298 3122 w
1325 3096 1354 3122 Ψ
1379 3094 1442 3123 693
1468 3102 1547 3132 pap.
1573 3095 1635 3124 128
1661 3094 1700 3132 (n
1725 3099 1759 3124 et
1782 3095 1842 3124 alii
1864 3093 1975 3131 olim).

294 3151 316 3170 a:
339 3143 370 3169 Ν
393 3140 455 3169 192
479 3147 558 3177 pap.
583 3139 646 3168 732
671 3139 713 3168 al.
850 3140 875 3179 z‘j
898 3144 926 3171 Ε
947 3142 965 3171 5
989 3143 1105 3173 Ambr.
1240 3156 1258 3175 z
1281 3157 1299 3175 κ
1325 3147 1364 3175 19
1390 3146 1486 3176 GFP.
1624 3156 1642 3177 a
1665 3147 1696 3177 Ω
1722 3148 1796 3178 124.
