<?xml version="1.0" encoding="UTF-8"?>
<!DOCTYPE html PUBLIC "-//W3C//DTD XHTML 1.0 Transitional//EN"
    "http://www.w3.org/TR/xhtml1/DTD/xhtml1-transitional.dtd">
<html xmlns="http://www.w3.org/1999/xhtml" xml:lang="en" lang="en">
 <head>
  <title>
</title>
<meta http-equiv="Content-Type" content="text/html;charset=utf-8" />
  <meta name='ocr-system' content='tesseract 3.04.00' />
  <meta name='ocr-capabilities' content='ocr_page ocr_carea ocr_par ocr_line ocrx_word'/>
</head>
<body>
  <div class='ocr_page' id='page_1' title='image "./enchiridiumdicti00leeuuoft_0217.png"; bbox 0 0 2234 3443; ppageno 0'>
   <div class='ocr_carea' id='block_1_1' title="bbox 148 169 1958 220">
    <p class='ocr_par' dir='ltr' id='par_1_1' title="bbox 148 169 1958 220">
     <span class='ocr_line' id='line_1_1' title="bbox 148 169 1958 220; baseline -0.003 -9"><span class='ocrx_word' id='word_1_1' title='bbox 148 175 172 220; x_wconf 68' lang='grc'>5</span> <span class='ocrx_word' id='word_1_2' title='bbox 206 172 279 218; x_wconf 84' lang='grc'>83]</span> <span class='ocrx_word' id='word_1_3' title='bbox 753 178 808 206; x_wconf 79' lang='lat' dir='ltr'>DE</span> <span class='ocrx_word' id='word_1_4' title='bbox 839 177 1157 207; x_wconf 74' lang='lat' dir='ltr'>nEchA‘rIONE</span> <span class='ocrx_word' id='word_1_5' title='bbox 1189 176 1362 206; x_wconf 72' lang='lat' dir='ltr'>TERTIA.</span> <span class='ocrx_word' id='word_1_6' title='bbox 1876 169 1958 207; x_wconf 82' lang='lat'>193</span> 
     </span>
    </p>
   </div>
   <div class='ocr_carea' id='block_1_2' title="bbox 261 289 1959 411">
    <p class='ocr_par' dir='ltr' id='par_1_2' title="bbox 261 289 1959 411">
     <span class='ocr_line' id='line_1_2' title="bbox 263 289 1270 335; baseline -0.003 -1"><span class='ocrx_word' id='word_1_7' title='bbox 263 295 543 335; x_wconf 87' lang='lat' dir='ltr'>Femininum</span> <span class='ocrx_word' id='word_1_8' title='bbox 575 294 701 332; x_wconf 70' lang='grc' dir='ltr'><strong><em>πολλή</em></strong></span> <span class='ocrx_word' id='word_1_9' title='bbox 733 292 843 332; x_wconf 86' lang='lat' dir='ltr'>nihil</span> <span class='ocrx_word' id='word_1_10' title='bbox 874 291 1060 330; x_wconf 86' lang='lat' dir='ltr'>habebat</span> <span class='ocrx_word' id='word_1_11' title='bbox 1090 289 1270 331; x_wconf 90' lang='lat' dir='ltr'>insoliti.</span> 
     </span>
     <span class='ocr_line' id='line_1_3' title="bbox 261 356 1959 411; baseline -0.004 -9"><span class='ocrx_word' id='word_1_12' title='bbox 261 363 387 403; x_wconf 87' lang='lat' dir='ltr'>Locis</span> <span class='ocrx_word' id='word_1_13' title='bbox 432 363 656 403; x_wconf 86' lang='lat' dir='ltr'>nonnullis</span> <span class='ocrx_word' id='word_1_14' title='bbox 702 362 891 402; x_wconf 87' lang='lat' dir='ltr'>traditus</span> <span class='ocrx_word' id='word_1_15' title='bbox 936 363 1004 400; x_wconf 86' lang='lat' dir='ltr'>est</span> <span class='ocrx_word' id='word_1_16' title='bbox 1051 360 1330 400; x_wconf 85' lang='lat' dir='ltr'>accusativus</span> <span class='ocrx_word' id='word_1_17' title='bbox 1374 356 1525 397; x_wconf 79' lang='grc' dir='ltr'><strong><em>πολέασ</em></strong></span> <span class='ocrx_word' id='word_1_18' title='bbox 1564 360 1634 400; x_wconf 87' lang='lat' dir='ltr'>vel</span> <span class='ocrx_word' id='word_1_19' title='bbox 1675 363 1856 411; x_wconf 74' lang='grc' dir='ltr'><strong><em>πολεῖσα,</em></strong></span> <span class='ocrx_word' id='word_1_20' title='bbox 1888 362 1959 409; x_wconf 84' lang='lat' dir='ltr'>qui</span> 
     </span>
    </p>
   </div>
   <div class='ocr_carea' id='block_1_3' title="bbox 144 415 1960 550">
    <p class='ocr_par' dir='ltr' id='par_1_3' title="bbox 144 415 1960 550">
     <span class='ocr_line' id='line_1_4' title="bbox 144 415 1960 486; baseline 0 -11"><span class='ocrx_word' id='word_1_21' title='bbox 144 440 274 476; x_wconf 81' lang='grc' dir='ltr'><strong><em>πολῦσ</em></strong></span> <span class='ocrx_word' id='word_1_22' title='bbox 315 440 384 477; x_wconf 90' lang='lat' dir='ltr'>est</span> <span class='ocrx_word' id='word_1_23' title='bbox 424 436 686 486; x_wconf 80' lang='lat' dir='ltr'>legendusb;</span> <span class='ocrx_word' id='word_1_24' title='bbox 728 440 771 477; x_wconf 87' lang='lat' dir='ltr'>et</span> <span class='ocrx_word' id='word_1_25' title='bbox 808 447 884 486; x_wconf 91' lang='lat' dir='ltr'>pro</span> <span class='ocrx_word' id='word_1_26' title='bbox 916 437 1063 475; x_wconf 88' lang='lat' dir='ltr'>dativo</span> <span class='ocrx_word' id='word_1_27' title='bbox 1095 433 1257 474; x_wconf 80' lang='grc' dir='ltr'><strong><em>πολέσσι</em></strong></span> <span class='ocrx_word' id='word_1_28' title='bbox 1288 415 1522 483; x_wconf 62' lang='lat' dir='ltr'>legendffm</span> <span class='ocrx_word' id='word_1_29' title='bbox 1549 436 1720 474; x_wconf 89' lang='lat' dir='ltr'>videtur</span> <span class='ocrx_word' id='word_1_30' title='bbox 1749 436 1960 475; x_wconf 66' lang='grc' dir='ltr'><strong><em>πολύσσιε.</em></strong></span> 
     </span>
     <span class='ocr_line' id='line_1_5' title="bbox 146 502 1960 550; baseline -0.001 -6"><span class='ocrx_word' id='word_1_31' title='bbox 146 505 327 544; x_wconf 85' lang='lat' dir='ltr'>Molesta</span> <span class='ocrx_word' id='word_1_32' title='bbox 368 506 470 544; x_wconf 87' lang='lat' dir='ltr'>sunt</span> <span class='ocrx_word' id='word_1_33' title='bbox 511 502 685 543; x_wconf 71' lang='lat' dir='ltr'>noistad</span> <span class='ocrx_word' id='word_1_34' title='bbox 722 508 766 545; x_wconf 87' lang='lat' dir='ltr'>et</span> <span class='ocrx_word' id='word_1_35' title='bbox 795 502 1001 550; x_wconf 82' lang='grc' dir='ltr'><strong><em>πο(λ)λε’ων</em></strong></span> <span class='ocrx_word' id='word_1_36' title='bbox 1014 511 1042 542; x_wconf 69' lang='lat'>⁶.</span> <span class='ocrx_word' id='word_1_37' title='bbox 1076 503 1202 542; x_wconf 85' lang='lat' dir='ltr'>Haud</span> <span class='ocrx_word' id='word_1_38' title='bbox 1234 513 1332 542; x_wconf 87' lang='lat' dir='ltr'>raro</span> <span class='ocrx_word' id='word_1_39' title='bbox 1364 505 1512 542; x_wconf 88' lang='lat' dir='ltr'>autem</span> <span class='ocrx_word' id='word_1_40' title='bbox 1545 503 1712 542; x_wconf 89' lang='lat' dir='ltr'>formas</span> <span class='ocrx_word' id='word_1_41' title='bbox 1742 502 1889 541; x_wconf 88' lang='grc' dir='ltr'><strong><em>πολλόσ</em></strong></span> <span class='ocrx_word' id='word_1_42' title='bbox 1917 506 1960 542; x_wconf 90' lang='lat' dir='ltr'>et</span> 
     </span>
    </p>
   </div>
   <div class='ocr_carea' id='block_1_4' title="bbox 142 559 1963 1169">
    <p class='ocr_par' dir='ltr' id='par_1_4' title="bbox 143 559 1961 898">
     <span class='ocr_line' id='line_1_6' title="bbox 144 559 1961 629; baseline -0.001 -11"><span class='ocrx_word' id='word_1_43' title='bbox 144 580 292 619; x_wconf 81' lang='grc' dir='ltr'><strong><em>πολλόν</em></strong></span> <span class='ocrx_word' id='word_1_44' title='bbox 321 580 366 620; x_wconf 90' lang='lat' dir='ltr'>in</span> <span class='ocrx_word' id='word_1_45' title='bbox 394 580 598 629; x_wconf 85' lang='lat' dir='ltr'>vulgatas</span> <span class='ocrx_word' id='word_1_46' title='bbox 628 581 758 619; x_wconf 83' lang='grc' dir='ltr'><strong><em>πολύσ</em></strong></span> <span class='ocrx_word' id='word_1_47' title='bbox 789 583 833 620; x_wconf 91' lang='lat' dir='ltr'>et</span> <span class='ocrx_word' id='word_1_48' title='bbox 862 559 990 618; x_wconf 58' lang='grc' dir='ltr'><strong><em>πολῖν</em></strong></span> <span class='ocrx_word' id='word_1_49' title='bbox 1023 580 1250 617; x_wconf 80' lang='lat' dir='ltr'>mutarunt</span> <span class='ocrx_word' id='word_1_50' title='bbox 1280 578 1446 617; x_wconf 92' lang='lat' dir='ltr'>librarii</span> <span class='ocrx_word' id='word_1_51' title='bbox 1477 578 1692 617; x_wconf 83' lang='lat' dir='ltr'>rationem</span> <span class='ocrx_word' id='word_1_52' title='bbox 1720 574 1850 616; x_wconf 87' lang='lat' dir='ltr'>metri</span> <span class='ocrx_word' id='word_1_53' title='bbox 1876 588 1961 617; x_wconf 91' lang='lat' dir='ltr'>non</span> 
     </span>
     <span class='ocr_line' id='line_1_7' title="bbox 143 645 1961 697; baseline -0.002 -11"><span class='ocrx_word' id='word_1_54' title='bbox 143 645 398 697; x_wconf 86' lang='lat' dir='ltr'>habentesf,</span> <span class='ocrx_word' id='word_1_55' title='bbox 432 648 530 687; x_wconf 88' lang='lat' dir='ltr'>dein</span> <span class='ocrx_word' id='word_1_56' title='bbox 561 648 690 688; x_wconf 91' lang='lat' dir='ltr'>lectio</span> <span class='ocrx_word' id='word_1_57' title='bbox 722 648 882 687; x_wconf 87' lang='lat' dir='ltr'>vitiosa</span> <span class='ocrx_word' id='word_1_58' title='bbox 912 647 1019 686; x_wconf 92' lang='lat' dir='ltr'>locis</span> <span class='ocrx_word' id='word_1_59' title='bbox 1050 645 1347 694; x_wconf 82' lang='lat' dir='ltr'>compluribus</span> <span class='ocrx_word' id='word_1_60' title='bbox 1378 645 1509 684; x_wconf 85' lang='lat' dir='ltr'>metri</span> <span class='ocrx_word' id='word_1_61' title='bbox 1536 655 1670 684; x_wconf 86' lang='lat' dir='ltr'>causa</span> <span class='ocrx_word' id='word_1_62' title='bbox 1695 647 1868 684; x_wconf 86' lang='lat' dir='ltr'>mutata</span> <span class='ocrx_word' id='word_1_63' title='bbox 1893 647 1961 684; x_wconf 89' lang='lat' dir='ltr'>est</span> 
     </span>
     <span class='ocr_line' id='line_1_8' title="bbox 143 712 1957 761; baseline -0.001 -8"><span class='ocrx_word' id='word_1_64' title='bbox 143 715 187 753; x_wconf 89' lang='lat' dir='ltr'>in</span> <span class='ocrx_word' id='word_1_65' title='bbox 230 715 501 755; x_wconf 85' lang='lat' dir='ltr'>vitiosiorem</span> <span class='ocrx_word' id='word_1_66' title='bbox 535 738 588 742; x_wconf 94' lang='lat'><strong>—</strong></span> <span class='ocrx_word' id='word_1_67' title='bbox 623 726 726 754; x_wconf 91' lang='lat' dir='ltr'>nam</span> <span class='ocrx_word' id='word_1_68' title='bbox 767 715 880 754; x_wconf 89' lang='lat' dir='ltr'>unde</span> <span class='ocrx_word' id='word_1_69' title='bbox 923 724 1060 754; x_wconf 90' lang='lat' dir='ltr'>sonus</span> <span class='ocrx_word' id='word_1_70' title='bbox 1101 714 1181 751; x_wconf 84' lang='lat' dir='ltr'>ov?</span> <span class='ocrx_word' id='word_1_71' title='bbox 1215 735 1267 741; x_wconf 89' lang='lat'>-—</span> <span class='ocrx_word' id='word_1_72' title='bbox 1301 713 1472 761; x_wconf 84' lang='grc' dir='ltr'><strong><em>πουλύσ,</em></strong></span> <span class='ocrx_word' id='word_1_73' title='bbox 1501 712 1608 752; x_wconf 83' lang='grc' dir='ltr'><strong><em>-λύν,</em></strong></span> <span class='ocrx_word' id='word_1_74' title='bbox 1649 712 1767 761; x_wconf 80' lang='lat' dir='ltr'>Quod</span> <span class='ocrx_word' id='word_1_75' title='bbox 1800 712 1957 751; x_wconf 89' lang='lat' dir='ltr'>vitium</span> 
     </span>
     <span class='ocr_line' id='line_1_9' title="bbox 143 780 1961 834; baseline -0.002 -13"><span class='ocrx_word' id='word_1_76' title='bbox 143 782 352 821; x_wconf 88' lang='lat' dir='ltr'>locutioni</span> <span class='ocrx_word' id='word_1_77' title='bbox 398 782 554 821; x_wconf 76' lang='grc' dir='ltr'><strong><em>πουλὺν</em></strong></span> <span class='ocrx_word' id='word_1_78' title='bbox 601 780 658 832; x_wconf 82' lang='grc' dir='ltr'>ἐφ’</span> <span class='ocrx_word' id='word_1_79' title='bbox 709 781 838 834; x_wconf 67' lang='grc' dir='ltr'><strong><em>ὑγράν</em></strong></span> <span class='ocrx_word' id='word_1_80' title='bbox 874 781 1060 821; x_wconf 88' lang='lat' dir='ltr'>firmiter</span> <span class='ocrx_word' id='word_1_81' title='bbox 1101 781 1311 830; x_wconf 82' lang='lat' dir='ltr'>inhaeret,</span> <span class='ocrx_word' id='word_1_82' title='bbox 1354 782 1544 819; x_wconf 91' lang='lat' dir='ltr'>metrum</span> <span class='ocrx_word' id='word_1_83' title='bbox 1587 780 1704 819; x_wconf 88' lang='lat' dir='ltr'>enirn</span> <span class='ocrx_word' id='word_1_84' title='bbox 1736 790 1821 818; x_wconf 94' lang='lat' dir='ltr'>non</span> <span class='ocrx_word' id='word_1_85' title='bbox 1855 780 1961 819; x_wconf 90' lang='lat' dir='ltr'>sinit</span> 
     </span>
     <span class='ocr_line' id='line_1_10' title="bbox 143 849 553 898; baseline 0.002 -10"><span class='ocrx_word' id='word_1_86' title='bbox 143 849 325 898; x_wconf 85' lang='lat' dir='ltr'>proferri</span> <span class='ocrx_word' id='word_1_87' title='bbox 356 851 553 890; x_wconf 66' lang='grc' dir='ltr'>πολλήνφ.</span> 
     </span>
    </p>

    <p class='ocr_par' dir='ltr' id='par_1_5' title="bbox 142 912 1963 1169">
     <span class='ocr_line' id='line_1_11' title="bbox 261 912 1957 966; baseline -0.002 -10"><span class='ocrx_word' id='word_1_88' title='bbox 261 917 312 956; x_wconf 91' lang='lat' dir='ltr'>In</span> <span class='ocrx_word' id='word_1_89' title='bbox 357 918 672 966; x_wconf 83' lang='lat' dir='ltr'>compositione</span> <span class='ocrx_word' id='word_1_90' title='bbox 713 917 808 956; x_wconf 86' lang='lat' dir='ltr'>sola</span> <span class='ocrx_word' id='word_1_91' title='bbox 847 917 981 965; x_wconf 85' lang='lat' dir='ltr'>stirps</span> <span class='ocrx_word' id='word_1_92' title='bbox 1019 916 1191 955; x_wconf 89' lang='lat' dir='ltr'>brevior</span> <span class='ocrx_word' id='word_1_93' title='bbox 1233 916 1301 954; x_wconf 86' lang='lat' dir='ltr'>est</span> <span class='ocrx_word' id='word_1_94' title='bbox 1331 912 1595 963; x_wconf 44' lang='lat' dir='ltr'>usurpata&amp;</span> <span class='ocrx_word' id='word_1_95' title='bbox 1628 915 1704 954; x_wconf 87' lang='lat' dir='ltr'>sed</span> <span class='ocrx_word' id='word_1_96' title='bbox 1738 915 1782 953; x_wconf 93' lang='lat' dir='ltr'>in</span> <span class='ocrx_word' id='word_1_97' title='bbox 1815 924 1957 953; x_wconf 86' lang='lat' dir='ltr'>exem-</span> 
     </span>
     <span class='ocr_line' id='line_1_12' title="bbox 142 981 1963 1033; baseline -0.002 -11"><span class='ocrx_word' id='word_1_98' title='bbox 142 983 334 1032; x_wconf 85' lang='lat' dir='ltr'>plaribus</span> <span class='ocrx_word' id='word_1_99' title='bbox 381 985 695 1033; x_wconf 87' lang='lat' dir='ltr'>manuscriptis</span> <span class='ocrx_word' id='word_1_100' title='bbox 741 983 909 1032; x_wconf 88' lang='lat' dir='ltr'>syllaba</span> <span class='ocrx_word' id='word_1_101' title='bbox 955 983 1139 1022; x_wconf 86' lang='lat' dir='ltr'>initialis</span> <span class='ocrx_word' id='word_1_102' title='bbox 1185 993 1342 1021; x_wconf 90' lang='lat' dir='ltr'>vocum</span> <span class='ocrx_word' id='word_1_103' title='bbox 1383 981 1660 1031; x_wconf 78' lang='grc' dir='ltr'><strong><em>πολυβότειοα,</em></strong></span> <span class='ocrx_word' id='word_1_104' title='bbox 1701 981 1963 1031; x_wconf 78' lang='grc' dir='ltr'><strong><em>Πολυδάμᾱσ,</em></strong></span> 
     </span>
     <span class='ocr_line' id='line_1_13' title="bbox 143 1049 1959 1100; baseline -0.001 -12"><span class='ocrx_word' id='word_1_105' title='bbox 143 1049 415 1100; x_wconf 72' lang='grc' dir='ltr'><strong><em>πολύποδοσ,ἱ</em></strong></span> <span class='ocrx_word' id='word_1_106' title='bbox 461 1062 568 1100; x_wconf 87' lang='lat' dir='ltr'>quae</span> <span class='ocrx_word' id='word_1_107' title='bbox 610 1052 695 1091; x_wconf 90' lang='lat' dir='ltr'>nisi</span> <span class='ocrx_word' id='word_1_108' title='bbox 735 1051 779 1089; x_wconf 92' lang='lat' dir='ltr'>in</span> <span class='ocrx_word' id='word_1_109' title='bbox 821 1051 910 1090; x_wconf 78' lang='lat' dir='ltr'>arsi</span> <span class='ocrx_word' id='word_1_110' title='bbox 943 1050 1146 1090; x_wconf 85' lang='lat' dir='ltr'>collocari</span> <span class='ocrx_word' id='word_1_111' title='bbox 1187 1060 1272 1088; x_wconf 88' lang='lat' dir='ltr'>non</span> <span class='ocrx_word' id='word_1_112' title='bbox 1314 1051 1499 1097; x_wconf 87' lang='lat' dir='ltr'>poterat,</span> <span class='ocrx_word' id='word_1_113' title='bbox 1532 1049 1671 1097; x_wconf 88' lang='lat' dir='ltr'>signis</span> <span class='ocrx_word' id='word_1_114' title='bbox 1701 1062 1800 1087; x_wconf 86' lang='grc' dir='ltr'><strong><em>που-</em></strong></span> <span class='ocrx_word' id='word_1_115' title='bbox 1830 1059 1959 1097; x_wconf 86' lang='lat' dir='ltr'>saepe</span> 
     </span>
     <span class='ocr_line' id='line_1_14' title="bbox 142 1113 1208 1169; baseline -0.002 -13"><span class='ocrx_word' id='word_1_116' title='bbox 142 1119 212 1156; x_wconf 87' lang='lat' dir='ltr'>est</span> <span class='ocrx_word' id='word_1_117' title='bbox 241 1118 445 1169; x_wconf 89' lang='lat' dir='ltr'>indicata,</span> <span class='ocrx_word' id='word_1_118' title='bbox 478 1128 563 1158; x_wconf 88' lang='lat' dir='ltr'>non</span> <span class='ocrx_word' id='word_1_119' title='bbox 596 1121 713 1158; x_wconf 89' lang='lat' dir='ltr'>recte</span> <span class='ocrx_word' id='word_1_120' title='bbox 746 1127 885 1165; x_wconf 90' lang='lat' dir='ltr'>neque</span> <span class='ocrx_word' id='word_1_121' title='bbox 918 1113 1208 1156; x_wconf 76' lang='lat' dir='ltr'>constanter.⁷&#39;.</span> 
     </span>
    </p>
   </div>
   <div class='ocr_carea' id='block_1_5' title="bbox 142 1299 1963 2093">
    <p class='ocr_par' dir='ltr' id='par_1_6' title="bbox 142 1299 1959 1418">
     <span class='ocr_line' id='line_1_15' title="bbox 261 1299 1959 1350; baseline -0.002 -9"><span class='ocrx_word' id='word_1_122' title='bbox 261 1302 322 1342; x_wconf 91' lang='lat' dir='ltr'>Ut</span> <span class='ocrx_word' id='word_1_123' title='bbox 353 1303 581 1341; x_wconf 90' lang='lat' dir='ltr'>nominum</span> <span class='ocrx_word' id='word_1_124' title='bbox 604 1302 733 1341; x_wconf 90' lang='lat' dir='ltr'>modo</span> <span class='ocrx_word' id='word_1_125' title='bbox 756 1302 1003 1350; x_wconf 83' lang='lat' dir='ltr'>allatorum,</span> <span class='ocrx_word' id='word_1_126' title='bbox 1034 1302 1097 1340; x_wconf 92' lang='lat' dir='ltr'>sic</span> <span class='ocrx_word' id='word_1_127' title='bbox 1123 1304 1166 1340; x_wconf 90' lang='lat' dir='ltr'>et</span> <span class='ocrx_word' id='word_1_128' title='bbox 1191 1301 1355 1348; x_wconf 83' lang='lat' dir='ltr'>aliquot</span> <span class='ocrx_word' id='word_1_129' title='bbox 1381 1301 1697 1339; x_wconf 90' lang='lat' dir='ltr'>adiectivorum</span> <span class='ocrx_word' id='word_1_130' title='bbox 1717 1299 1959 1339; x_wconf 82' lang='lat' dir='ltr'>verbalium</span> 
     </span>
     <span class='ocr_line' id='line_1_16' title="bbox 142 1368 1507 1418; baseline -0.001 -10"><span class='ocrx_word' id='word_1_131' title='bbox 142 1369 345 1409; x_wconf 85' lang='lat' dir='ltr'>biformis</span> <span class='ocrx_word' id='word_1_132' title='bbox 376 1370 458 1408; x_wconf 87' lang='lat' dir='ltr'>fuit</span> <span class='ocrx_word' id='word_1_133' title='bbox 488 1370 637 1418; x_wconf 89' lang='lat' dir='ltr'>stirps,</span> <span class='ocrx_word' id='word_1_134' title='bbox 670 1370 798 1408; x_wconf 91' lang='lat' dir='ltr'>modo</span> <span class='ocrx_word' id='word_1_135' title='bbox 829 1370 873 1407; x_wconf 94' lang='lat' dir='ltr'>in</span> <span class='ocrx_word' id='word_1_136' title='bbox 905 1384 937 1417; x_wconf 81' lang='grc' dir='ltr'>τ,</span> <span class='ocrx_word' id='word_1_137' title='bbox 967 1369 1094 1407; x_wconf 89' lang='lat' dir='ltr'>modo</span> <span class='ocrx_word' id='word_1_138' title='bbox 1126 1369 1170 1406; x_wconf 93' lang='lat' dir='ltr'>in</span> <span class='ocrx_word' id='word_1_139' title='bbox 1202 1383 1243 1406; x_wconf 84' lang='grc' dir='ltr'>το</span> <span class='ocrx_word' id='word_1_140' title='bbox 1277 1368 1507 1407; x_wconf 85' lang='lat' dir='ltr'>desinens:</span> 
     </span>
    </p>

    <p class='ocr_par' dir='ltr' id='par_1_7' title="bbox 261 1434 888 1486">
     <span class='ocr_line' id='line_1_17' title="bbox 261 1434 888 1486; baseline -0.003 -11"><span class='ocrx_word' id='word_1_141' title='bbox 261 1435 396 1486; x_wconf 67' lang='grc' dir='ltr'><strong><em>ἀδμήσ</em></strong></span> <span class='ocrx_word' id='word_1_142' title='bbox 427 1438 471 1475; x_wconf 70' lang='lat' dir='ltr'>ef,</span> <span class='ocrx_word' id='word_1_143' title='bbox 502 1436 667 1485; x_wconf 78' lang='grc' dir='ltr'><strong>δμκτόσ,</strong></span> <span class='ocrx_word' id='word_1_144' title='bbox 697 1434 888 1485; x_wconf 76' lang='grc' dir='ltr'><strong>ἅδμκτοσ.</strong></span> 
     </span>
    </p>

    <p class='ocr_par' dir='ltr' id='par_1_8' title="bbox 261 1501 1385 1554">
     <span class='ocr_line' id='line_1_18' title="bbox 261 1501 1385 1554; baseline -0.001 -13"><span class='ocrx_word' id='word_1_145' title='bbox 261 1501 404 1553; x_wconf 78' lang='grc' dir='ltr'><strong><em>ἆβλήσ,</em></strong></span> <span class='ocrx_word' id='word_1_146' title='bbox 433 1503 627 1554; x_wconf 81' lang='grc' dir='ltr'><strong><em>προβλήσ,</em></strong></span> <span class='ocrx_word' id='word_1_147' title='bbox 657 1502 824 1554; x_wconf 75' lang='grc' dir='ltr'><strong><em>ἕπιβλήσ</em></strong></span> <span class='ocrx_word' id='word_1_148' title='bbox 856 1505 897 1542; x_wconf 81' lang='lat' dir='ltr'>et</span> <span class='ocrx_word' id='word_1_149' title='bbox 929 1501 1116 1552; x_wconf 77' lang='grc' dir='ltr'>ἅβλητοσ,</span> <span class='ocrx_word' id='word_1_150' title='bbox 1146 1501 1385 1553; x_wconf 76' lang='grc' dir='ltr'><strong><em>ἀπόβλητοσ.</em></strong></span> 
     </span>
    </p>

    <p class='ocr_par' dir='ltr' id='par_1_9' title="bbox 261 1569 1089 1621">
     <span class='ocr_line' id='line_1_19' title="bbox 261 1569 1089 1621; baseline -0.002 -12"><span class='ocrx_word' id='word_1_151' title='bbox 261 1570 395 1621; x_wconf 70' lang='grc' dir='ltr'><strong><em>ἀκμήσ</em></strong></span> <span class='ocrx_word' id='word_1_152' title='bbox 427 1573 470 1610; x_wconf 83' lang='lat' dir='ltr'>et</span> <span class='ocrx_word' id='word_1_153' title='bbox 502 1569 796 1620; x_wconf 75' lang='grc' dir='ltr'><strong><em>ἀνδρόκμκτοσ,</em></strong></span> <span class='ocrx_word' id='word_1_154' title='bbox 820 1571 1089 1618; x_wconf 81' lang='grc' dir='ltr'>πολύκμκτοσ.</span> 
     </span>
    </p>

    <p class='ocr_par' dir='ltr' id='par_1_10' title="bbox 251 1636 1102 1688">
     <span class='ocr_line' id='line_1_20' title="bbox 251 1636 1102 1688; baseline -0.005 -10"><span class='ocrx_word' id='word_1_155' title='bbox 251 1637 407 1688; x_wconf 78' lang='grc' dir='ltr'>’Ἁτλᾶσ,</span> <span class='ocrx_word' id='word_1_156' title='bbox 435 1639 636 1678; x_wconf 81' lang='grc' dir='ltr'><strong><em>πολύτλᾶσ</em></strong></span> <span class='ocrx_word' id='word_1_157' title='bbox 668 1641 711 1677; x_wconf 81' lang='lat' dir='ltr'>et</span> <span class='ocrx_word' id='word_1_158' title='bbox 741 1637 896 1687; x_wconf 78' lang='grc' dir='ltr'><strong><em>τλκτόσ,</em></strong></span> <span class='ocrx_word' id='word_1_159' title='bbox 924 1636 1102 1675; x_wconf 79' lang='grc' dir='ltr'>ἅτλκτοσ.</span> 
     </span>
    </p>

    <p class='ocr_par' dir='ltr' id='par_1_11' title="bbox 194 1696 1084 1758">
     <span class='ocr_line' id='line_1_21' title="bbox 194 1696 1084 1758; baseline -0.003 -13"><span class='ocrx_word' id='word_1_160' title='bbox 194 1696 197 1699; x_wconf 36' lang='lat'>¹</span> <span class='ocrx_word' id='word_1_161' title='bbox 262 1705 395 1758; x_wconf 77' lang='grc' dir='ltr'><em>ἅγνωσ</em></span> <span class='ocrx_word' id='word_1_162' title='bbox 426 1709 470 1746; x_wconf 80' lang='lat' dir='ltr'>et</span> <span class='ocrx_word' id='word_1_163' title='bbox 502 1706 666 1758; x_wconf 80' lang='grc' dir='ltr'><em>γνωτόσ,</em></span> <span class='ocrx_word' id='word_1_164' title='bbox 697 1704 824 1751; x_wconf 56' lang='grc' dir='ltr'><strong><em>ἀλλά,</em></strong></span> <span class='ocrx_word' id='word_1_165' title='bbox 853 1704 1084 1756; x_wconf 80' lang='grc' dir='ltr'><strong>ἀρίγνωτοσ.</strong></span> 
     </span>
    </p>

    <p class='ocr_par' dir='ltr' id='par_1_12' title="bbox 143 1771 1963 2093">
     <span class='ocr_line' id='line_1_22' title="bbox 266 1771 1960 1824; baseline -0.003 -10"><span class='ocrx_word' id='word_1_166' title='bbox 266 1776 333 1819; x_wconf 90' lang='grc'>10)</span> <span class='ocrx_word' id='word_1_167' title='bbox 366 1775 588 1824; x_wconf 81' lang='lat' dir='ltr'>Quaedam</span> <span class='ocrx_word' id='word_1_168' title='bbox 631 1774 896 1823; x_wconf 80' lang='lat' dir='ltr'>metaplasta</span> <span class='ocrx_word' id='word_1_169' title='bbox 935 1773 1154 1812; x_wconf 86' lang='lat' dir='ltr'>erroribus</span> <span class='ocrx_word' id='word_1_170' title='bbox 1194 1774 1471 1821; x_wconf 84' lang='lat' dir='ltr'>posterorum</span> <span class='ocrx_word' id='word_1_171' title='bbox 1513 1771 1737 1810; x_wconf 88' lang='lat' dir='ltr'>debentur.</span> <span class='ocrx_word' id='word_1_172' title='bbox 1771 1771 1960 1820; x_wconf 80' lang='lat' dir='ltr'>Quorum</span> 
     </span>
     <span class='ocr_line' id='line_1_23' title="bbox 144 1838 1963 1890; baseline -0.003 -9"><span class='ocrx_word' id='word_1_173' title='bbox 144 1842 354 1881; x_wconf 87' lang='lat' dir='ltr'>nonnulla</span> <span class='ocrx_word' id='word_1_174' title='bbox 401 1851 426 1880; x_wconf 87' lang='lat' dir='ltr'>a</span> <span class='ocrx_word' id='word_1_175' title='bbox 465 1842 620 1890; x_wconf 88' lang='lat' dir='ltr'>priscis</span> <span class='ocrx_word' id='word_1_176' title='bbox 663 1841 965 1889; x_wconf 87' lang='lat' dir='ltr'>grammaticis</span> <span class='ocrx_word' id='word_1_177' title='bbox 1014 1843 1168 1879; x_wconf 86' lang='lat' dir='ltr'>notata</span> <span class='ocrx_word' id='word_1_178' title='bbox 1217 1843 1344 1878; x_wconf 91' lang='lat' dir='ltr'>sunt:</span> <span class='ocrx_word' id='word_1_179' title='bbox 1390 1838 1669 1877; x_wconf 83' lang='grc' dir='ltr'><strong><em>πολυπῑὸάκου</em></strong></span> <span class='ocrx_word' id='word_1_180' title='bbox 1710 1849 1786 1887; x_wconf 91' lang='lat' dir='ltr'>pro</span> <span class='ocrx_word' id='word_1_181' title='bbox 1827 1839 1963 1887; x_wconf 74' lang='grc' dir='ltr'><strong><em>-κοσΙτ,</em></strong></span> 
     </span>
     <span class='ocr_line' id='line_1_24' title="bbox 143 1904 1963 1958; baseline -0.001 -12"><span class='ocrx_word' id='word_1_182' title='bbox 143 1908 438 1958; x_wconf 73' lang='grc' dir='ltr'><strong><em>ἀνδραπόδεσσι</em></strong></span> <span class='ocrx_word' id='word_1_183' title='bbox 478 1919 554 1958; x_wconf 90' lang='lat' dir='ltr'>pro</span> <span class='ocrx_word' id='word_1_184' title='bbox 594 1905 758 1957; x_wconf 75' lang='grc' dir='ltr'><strong><em>-δοισιῖ,</em></strong></span> <span class='ocrx_word' id='word_1_185' title='bbox 803 1906 1008 1957; x_wconf 76' lang='grc' dir='ltr'><strong><em>Τίρυνθον</em></strong></span> <span class='ocrx_word' id='word_1_186' title='bbox 1050 1918 1126 1956; x_wconf 91' lang='lat' dir='ltr'>pro</span> <span class='ocrx_word' id='word_1_187' title='bbox 1166 1910 1268 1944; x_wconf 79' lang='grc' dir='ltr'><strong>-νθα</strong></span> <span class='ocrx_word' id='word_1_188' title='bbox 1283 1915 1324 1956; x_wconf 72' lang='lat'>²⁷²,</span> <span class='ocrx_word' id='word_1_189' title='bbox 1359 1906 1530 1956; x_wconf 82' lang='grc' dir='ltr'><em>ἀτέρπου</em></span> <span class='ocrx_word' id='word_1_190' title='bbox 1562 1916 1637 1955; x_wconf 88' lang='lat' dir='ltr'>pro</span> <span class='ocrx_word' id='word_1_191' title='bbox 1668 1904 1831 1945; x_wconf 70' lang='lat' dir='ltr'>-ns&#39;06n.</span> <span class='ocrx_word' id='word_1_192' title='bbox 1865 1906 1963 1944; x_wconf 86' lang='lat' dir='ltr'>Alia</span> 
     </span>
     <span class='ocr_line' id='line_1_25' title="bbox 144 1972 1963 2025; baseline -0.003 -10"><span class='ocrx_word' id='word_1_193' title='bbox 144 1978 427 2015; x_wconf 83' lang='lat' dir='ltr'>correxerunt</span> <span class='ocrx_word' id='word_1_194' title='bbox 468 1976 754 2015; x_wconf 88' lang='lat' dir='ltr'>recentiores:</span> <span class='ocrx_word' id='word_1_195' title='bbox 799 1974 990 2025; x_wconf 71' lang='grc' dir='ltr'><strong><em>ἐϋπείχεον</em></strong></span> <span class='ocrx_word' id='word_1_196' title='bbox 1030 1975 1112 2022; x_wconf 88' lang='lat' dir='ltr'>leg.</span> <span class='ocrx_word' id='word_1_197' title='bbox 1157 1972 1326 2023; x_wconf 76' lang='grc' dir='ltr'><em>ἐϋεειχέα</em></span> <span class='ocrx_word' id='word_1_198' title='bbox 1340 1977 1370 2023; x_wconf 79' lang='lat'>0,</span> <span class='ocrx_word' id='word_1_199' title='bbox 1406 1972 1692 2021; x_wconf 80' lang='grc' dir='ltr'><strong><em>πολυδακρύου</em></strong></span> <span class='ocrx_word' id='word_1_200' title='bbox 1725 1972 1806 2021; x_wconf 87' lang='lat' dir='ltr'>leg.</span> <span class='ocrx_word' id='word_1_201' title='bbox 1840 1977 1963 2011; x_wconf 83' lang='grc' dir='ltr'><strong><em>πολυ-</em></strong></span> 
     </span>
     <span class='ocr_line' id='line_1_26' title="bbox 144 2038 1961 2093; baseline -0.002 -11"><span class='ocrx_word' id='word_1_202' title='bbox 144 2043 377 2093; x_wconf 68' lang='grc' dir='ltr'><strong><em>δάκρυοσί),</em></strong></span> <span class='ocrx_word' id='word_1_203' title='bbox 417 2043 674 2093; x_wconf 82' lang='grc' dir='ltr'><strong><em>πολυπτύχου</em></strong></span> <span class='ocrx_word' id='word_1_204' title='bbox 715 2043 797 2091; x_wconf 85' lang='lat' dir='ltr'>leg.</span> <span class='ocrx_word' id='word_1_205' title='bbox 840 2042 1094 2091; x_wconf 83' lang='grc' dir='ltr'><strong><em>πολύπτυχοσ</em></strong></span> <span class='ocrx_word' id='word_1_206' title='bbox 1109 2049 1140 2091; x_wconf 75' lang='lat' dir='ltr'>q,</span> <span class='ocrx_word' id='word_1_207' title='bbox 1180 2039 1348 2090; x_wconf 71' lang='grc' dir='ltr'><strong><em>ἄκμκτοι</em></strong></span> <span class='ocrx_word' id='word_1_208' title='bbox 1379 2040 1463 2088; x_wconf 77' lang='lat' dir='ltr'>leg.</span> <span class='ocrx_word' id='word_1_209' title='bbox 1496 2038 1714 2089; x_wconf 64' lang='grc' dir='ltr'><em>ἀκμῆτεσν,</em></span> <span class='ocrx_word' id='word_1_210' title='bbox 1742 2039 1848 2090; x_wconf 85' lang='grc' dir='ltr'><em>ἴχνια</em></span> <span class='ocrx_word' id='word_1_211' title='bbox 1879 2040 1961 2088; x_wconf 84' lang='lat' dir='ltr'>leg.</span> 
     </span>
    </p>
   </div>
   <div class='ocr_carea' id='block_1_6' title="bbox 233 2218 1963 2258">
    <p class='ocr_par' dir='ltr' id='par_1_13' title="bbox 233 2218 1963 2258">
     <span class='ocr_line' id='line_1_27' title="bbox 233 2218 1963 2258; baseline -0.006 -1"><span class='ocrx_word' id='word_1_212' title='bbox 233 2237 252 2256; x_wconf 93' lang='lat' dir='ltr'>a</span> <span class='ocrx_word' id='word_1_213' title='bbox 277 2228 312 2257; x_wconf 78' lang='lat' dir='ltr'><em>A</em></span> <span class='ocrx_word' id='word_1_214' title='bbox 336 2227 400 2256; x_wconf 82' lang='lat'>559</span> <span class='ocrx_word' id='word_1_215' title='bbox 426 2230 453 2256; x_wconf 90' lang='grc' dir='ltr'><em>Β</em></span> <span class='ocrx_word' id='word_1_216' title='bbox 478 2228 496 2255; x_wconf 83' lang='grc'><strong>4</strong></span> <span class='ocrx_word' id='word_1_217' title='bbox 524 2229 555 2255; x_wconf 85' lang='grc' dir='ltr'><em>Ν</em></span> <span class='ocrx_word' id='word_1_218' title='bbox 580 2226 643 2255; x_wconf 79' lang='lat'>‘734</span> <span class='ocrx_word' id='word_1_219' title='bbox 672 2229 695 2254; x_wconf 89' lang='lat' dir='ltr'><strong><em>O</em></strong></span> <span class='ocrx_word' id='word_1_220' title='bbox 720 2226 760 2255; x_wconf 88' lang='grc'>66</span> <span class='ocrx_word' id='word_1_221' title='bbox 788 2229 813 2253; x_wconf 78' lang='grc' dir='ltr'><em>Υ</em></span> <span class='ocrx_word' id='word_1_222' title='bbox 837 2225 900 2253; x_wconf 87' lang='grc'>313</span> <span class='ocrx_word' id='word_1_223' title='bbox 927 2226 961 2252; x_wconf 78' lang='grc' dir='ltr'><strong>Φ</strong></span> <span class='ocrx_word' id='word_1_224' title='bbox 986 2223 1039 2257; x_wconf 76' lang='grc'>59,</span> <span class='ocrx_word' id='word_1_225' title='bbox 1066 2223 1126 2251; x_wconf 90' lang='grc'>131</span> <span class='ocrx_word' id='word_1_226' title='bbox 1148 2234 1166 2258; x_wconf 83' lang='grc' dir='ltr'><em>γ</em></span> <span class='ocrx_word' id='word_1_227' title='bbox 1191 2222 1255 2250; x_wconf 88' lang='grc'>262</span> <span class='ocrx_word' id='word_1_228' title='bbox 1282 2221 1299 2250; x_wconf 82' lang='grc' dir='ltr'><em>δ</em></span> <span class='ocrx_word' id='word_1_229' title='bbox 1325 2221 1387 2250; x_wconf 81' lang='grc'>170</span> <span class='ocrx_word' id='word_1_230' title='bbox 1412 2221 1493 2250; x_wconf 79' lang='lat' dir='ltr'>Hes.</span> <span class='ocrx_word' id='word_1_231' title='bbox 1518 2221 1621 2258; x_wconf 87' lang='lat' dir='ltr'>Oper.</span> <span class='ocrx_word' id='word_1_232' title='bbox 1647 2220 1723 2256; x_wconf 89' lang='grc'><strong>580,</strong></span> <span class='ocrx_word' id='word_1_233' title='bbox 1747 2219 1809 2256; x_wconf 73' lang='lat'>§8.</span> <span class='ocrx_word' id='word_1_234' title='bbox 1834 2218 1963 2248; x_wconf 86' lang='lat' dir='ltr'>Eodem</span> 
     </span>
    </p>
   </div>
   <div class='ocr_carea' id='block_1_7' title="bbox 145 2271 1965 2431">
    <p class='ocr_par' dir='ltr' id='par_1_14' title="bbox 145 2271 1965 2431">
     <span class='ocr_line' id='line_1_28' title="bbox 145 2271 1964 2317; baseline -0.005 -8"><span class='ocrx_word' id='word_1_235' title='bbox 145 2280 228 2309; x_wconf 86' lang='lat' dir='ltr'>vitio</span> <span class='ocrx_word' id='word_1_236' title='bbox 251 2279 385 2309; x_wconf 80' lang='lat' dir='ltr'>laborat</span> <span class='ocrx_word' id='word_1_237' title='bbox 408 2279 558 2309; x_wconf 73' lang='grc' dir='ltr'><strong><em>πελέκεασ</em></strong></span> <span class='ocrx_word' id='word_1_238' title='bbox 579 2287 658 2317; x_wconf 81' lang='lat' dir='ltr'>pag.</span> <span class='ocrx_word' id='word_1_239' title='bbox 685 2279 747 2307; x_wconf 84' lang='lat'>183</span> <span class='ocrx_word' id='word_1_240' title='bbox 763 2279 785 2306; x_wconf 84' lang='lat' dir='ltr'>t.</span> <span class='ocrx_word' id='word_1_241' title='bbox 1022 2274 1038 2303; x_wconf 85' lang='lat' dir='ltr'>b</span> <span class='ocrx_word' id='word_1_242' title='bbox 1063 2275 1169 2304; x_wconf 82' lang='lat' dir='ltr'>Recte</span> <span class='ocrx_word' id='word_1_243' title='bbox 1192 2274 1390 2304; x_wconf 85' lang='lat' dir='ltr'>Zenodotus</span> <span class='ocrx_word' id='word_1_244' title='bbox 1416 2276 1442 2302; x_wconf 88' lang='lat' dir='ltr'><strong><em>B</em></strong></span> <span class='ocrx_word' id='word_1_245' title='bbox 1467 2275 1484 2302; x_wconf 99' lang='lat'>4</span> <span class='ocrx_word' id='word_1_246' title='bbox 1512 2272 1701 2311; x_wconf 87' lang='lat' dir='ltr'>(Duentzer</span> <span class='ocrx_word' id='word_1_247' title='bbox 1725 2271 1888 2301; x_wconf 82' lang='lat' dir='ltr'>Zenodot.</span> <span class='ocrx_word' id='word_1_248' title='bbox 1903 2271 1964 2305; x_wconf 82' lang='grc'>56,</span> 
     </span>
     <span class='ocr_line' id='line_1_29' title="bbox 147 2320 1965 2378; baseline -0.006 -7"><span class='ocrx_word' id='word_1_249' title='bbox 147 2341 288 2371; x_wconf 81' lang='lat' dir='ltr'>vChrist</span> <span class='ocrx_word' id='word_1_250' title='bbox 310 2339 444 2378; x_wconf 89' lang='lat' dir='ltr'>Proleg.</span> <span class='ocrx_word' id='word_1_251' title='bbox 467 2320 596 2370; x_wconf 40' lang='lat'>11:343</span> <span class='ocrx_word' id='word_1_252' title='bbox 624 2347 688 2376; x_wconf 70' lang='lat' dir='ltr'>sq„</span> <span class='ocrx_word' id='word_1_253' title='bbox 713 2338 823 2368; x_wconf 81' lang='lat' dir='ltr'>Cauer</span> <span class='ocrx_word' id='word_1_254' title='bbox 848 2337 958 2366; x_wconf 80' lang='lat' dir='ltr'>Praef.</span> <span class='ocrx_word' id='word_1_255' title='bbox 983 2337 1025 2366; x_wconf 94' lang='lat' dir='ltr'>Il.</span> <span class='ocrx_word' id='word_1_256' title='bbox 1048 2333 1217 2374; x_wconf 79' lang='lat' dir='ltr'>XXVIII).</span> <span class='ocrx_word' id='word_1_257' title='bbox 1242 2333 1406 2364; x_wconf 84' lang='lat' dir='ltr'>Primitus</span> <span class='ocrx_word' id='word_1_258' title='bbox 1432 2334 1498 2363; x_wconf 84' lang='lat' dir='ltr'>fnit</span> <span class='ocrx_word' id='word_1_259' title='bbox 1518 2337 1645 2363; x_wconf 75' lang='grc' dir='ltr'><strong><em>πολύνσ.</em></strong></span> <span class='ocrx_word' id='word_1_260' title='bbox 1807 2342 1823 2362; x_wconf 79' lang='lat' dir='ltr'>c</span> <span class='ocrx_word' id='word_1_261' title='bbox 1849 2335 1879 2361; x_wconf 87' lang='lat' dir='ltr'><strong><em>N</em></strong></span> <span class='ocrx_word' id='word_1_262' title='bbox 1900 2332 1965 2361; x_wconf 84' lang='lat'>452</span> 
     </span>
     <span class='ocr_line' id='line_1_30' title="bbox 150 2385 1965 2431; baseline -0.006 -7"><span class='ocrx_word' id='word_1_263' title='bbox 150 2397 177 2425; x_wconf 76' lang='grc' dir='ltr'><strong><em>Ρ</em></strong></span> <span class='ocrx_word' id='word_1_264' title='bbox 199 2395 275 2430; x_wconf 84' lang='lat'>236,</span> <span class='ocrx_word' id='word_1_265' title='bbox 300 2395 377 2429; x_wconf 83' lang='lat'>308,</span> <span class='ocrx_word' id='word_1_266' title='bbox 399 2393 418 2431; x_wconf 63' lang='grc' dir='ltr'>ξ</span> <span class='ocrx_word' id='word_1_267' title='bbox 443 2394 496 2422; x_wconf 81' lang='lat'>64.</span> <span class='ocrx_word' id='word_1_268' title='bbox 642 2390 664 2421; x_wconf 80' lang='lat' dir='ltr'><em>d</em></span> <span class='ocrx_word' id='word_1_269' title='bbox 685 2393 714 2420; x_wconf 84' lang='lat' dir='ltr'><em>A</em></span> <span class='ocrx_word' id='word_1_270' title='bbox 740 2391 814 2420; x_wconf 83' lang='lat'>708.</span> <span class='ocrx_word' id='word_1_271' title='bbox 956 2399 972 2419; x_wconf 76' lang='lat' dir='ltr'>e</span> <span class='ocrx_word' id='word_1_272' title='bbox 997 2392 1023 2419; x_wconf 84' lang='lat' dir='ltr'><strong><em>B</em></strong></span> <span class='ocrx_word' id='word_1_273' title='bbox 1051 2390 1110 2418; x_wconf 86' lang='lat'>131</span> <span class='ocrx_word' id='word_1_274' title='bbox 1138 2392 1157 2417; x_wconf 74' lang='grc' dir='ltr'><strong><em>Ι</em></strong></span> <span class='ocrx_word' id='word_1_275' title='bbox 1180 2390 1243 2418; x_wconf 80' lang='lat'>544</span> <span class='ocrx_word' id='word_1_276' title='bbox 1268 2388 1285 2416; x_wconf 72' lang='grc' dir='ltr'><em>δ</em></span> <span class='ocrx_word' id='word_1_277' title='bbox 1310 2389 1373 2417; x_wconf 87' lang='lat'>813</span> <span class='ocrx_word' id='word_1_278' title='bbox 1400 2390 1432 2416; x_wconf 84' lang='grc' dir='ltr'><em>η</em></span> <span class='ocrx_word' id='word_1_279' title='bbox 1457 2387 1533 2422; x_wconf 77' lang='grc'>655,</span> <span class='ocrx_word' id='word_1_280' title='bbox 1557 2386 1577 2424; x_wconf 62' lang='lat' dir='ltr'>g</span> <span class='ocrx_word' id='word_1_281' title='bbox 1603 2387 1656 2416; x_wconf 80' lang='lat'>57.</span> <span class='ocrx_word' id='word_1_282' title='bbox 1789 2385 1813 2422; x_wconf 78' lang='lat' dir='ltr'><em>f</em></span> <span class='ocrx_word' id='word_1_283' title='bbox 1830 2385 1891 2415; x_wconf 76' lang='lat' dir='ltr'>Ex.</span> <span class='ocrx_word' id='word_1_284' title='bbox 1914 2393 1965 2422; x_wconf 83' lang='lat' dir='ltr'>gr.</span> 
     </span>
    </p>
   </div>
   <div class='ocr_carea' id='block_1_8' title="bbox 147 2437 1971 3218">
    <p class='ocr_par' dir='ltr' id='par_1_15' title="bbox 147 2437 1971 2960">
     <span class='ocr_line' id='line_1_31' title="bbox 149 2437 1966 2485; baseline -0.007 -8"><span class='ocrx_word' id='word_1_285' title='bbox 149 2450 181 2476; x_wconf 86' lang='lat' dir='ltr'>X</span> <span class='ocrx_word' id='word_1_286' title='bbox 215 2447 254 2476; x_wconf 88' lang='grc'>31</span> <span class='ocrx_word' id='word_1_287' title='bbox 287 2454 439 2485; x_wconf 83' lang='lat' dir='ltr'>papyrus</span> <span class='ocrx_word' id='word_1_288' title='bbox 472 2448 596 2479; x_wconf 73' lang='grc' dir='ltr'><strong><em>πουλὺν,</em></strong></span> <span class='ocrx_word' id='word_1_289' title='bbox 627 2455 642 2473; x_wconf 77' lang='grc' dir='ltr'><strong><em>τ</em></strong></span> <span class='ocrx_word' id='word_1_290' title='bbox 674 2445 738 2474; x_wconf 86' lang='grc'>387</span> <span class='ocrx_word' id='word_1_291' title='bbox 770 2443 799 2472; x_wconf 91' lang='lat' dir='ltr'>X</span> <span class='ocrx_word' id='word_1_292' title='bbox 824 2446 903 2472; x_wconf 76' lang='grc' dir='ltr'><strong><em>πολύ</em></strong></span> <span class='ocrx_word' id='word_1_293' title='bbox 926 2443 1046 2471; x_wconf 70' lang='lat' dir='ltr'>{invito</span> <span class='ocrx_word' id='word_1_294' title='bbox 1071 2441 1204 2477; x_wconf 86' lang='lat' dir='ltr'>metro),</span> <span class='ocrx_word' id='word_1_295' title='bbox 1227 2441 1252 2470; x_wconf 88' lang='lat' dir='ltr'><strong>F</strong></span> <span class='ocrx_word' id='word_1_296' title='bbox 1276 2442 1383 2470; x_wconf 78' lang='grc' dir='ltr'><strong><em>πουλύ.</em></strong></span> <span class='ocrx_word' id='word_1_297' title='bbox 1406 2440 1446 2469; x_wconf 91' lang='lat' dir='ltr'>In</span> <span class='ocrx_word' id='word_1_298' title='bbox 1471 2438 1608 2469; x_wconf 88' lang='lat' dir='ltr'>cunctis</span> <span class='ocrx_word' id='word_1_299' title='bbox 1633 2437 1890 2475; x_wconf 81' lang='lat' dir='ltr'>exemplaribus</span> <span class='ocrx_word' id='word_1_300' title='bbox 1915 2437 1966 2466; x_wconf 84' lang='lat' dir='ltr'>est</span> 
     </span>
     <span class='ocr_line' id='line_1_32' title="bbox 147 2489 1964 2537; baseline -0.006 -9"><span class='ocrx_word' id='word_1_301' title='bbox 147 2501 267 2530; x_wconf 81' lang='grc' dir='ltr'><strong><em>πουλύσ</em></strong></span> <span class='ocrx_word' id='word_1_302' title='bbox 291 2498 372 2537; x_wconf 85' lang='lat' dir='ltr'>(leg.</span> <span class='ocrx_word' id='word_1_303' title='bbox 398 2497 529 2533; x_wconf 84' lang='grc' dir='ltr'><strong><em>πολλόσ)</em></strong></span> <span class='ocrx_word' id='word_1_304' title='bbox 554 2502 576 2527; x_wconf 75' lang='lat'><strong><em>3</em></strong></span> <span class='ocrx_word' id='word_1_305' title='bbox 602 2499 664 2527; x_wconf 88' lang='grc'><strong>109</strong></span> <span class='ocrx_word' id='word_1_306' title='bbox 691 2495 880 2533; x_wconf 82' lang='lat' dir='ltr'>Theognid.</span> <span class='ocrx_word' id='word_1_307' title='bbox 904 2496 980 2533; x_wconf 93' lang='lat'>211,</span> <span class='ocrx_word' id='word_1_308' title='bbox 1004 2495 1078 2529; x_wconf 85' lang='lat'>509,</span> <span class='ocrx_word' id='word_1_309' title='bbox 1102 2495 1217 2523; x_wconf 72' lang='grc' dir='ltr'><strong><em>πουλὺν</em></strong></span> <span class='ocrx_word' id='word_1_310' title='bbox 1242 2490 1323 2533; x_wconf 85' lang='lat' dir='ltr'>(leg.</span> <span class='ocrx_word' id='word_1_311' title='bbox 1347 2492 1477 2529; x_wconf 83' lang='grc' dir='ltr'><strong><em>πολλόν)</em></strong></span> <span class='ocrx_word' id='word_1_312' title='bbox 1502 2494 1529 2521; x_wconf 87' lang='grc' dir='ltr'><strong><em>Ε</em></strong></span> <span class='ocrx_word' id='word_1_313' title='bbox 1552 2492 1615 2521; x_wconf 88' lang='grc'>776</span> <span class='ocrx_word' id='word_1_314' title='bbox 1644 2492 1670 2521; x_wconf 89' lang='grc' dir='ltr'>Θ</span> <span class='ocrx_word' id='word_1_315' title='bbox 1691 2491 1743 2527; x_wconf 83' lang='grc'>50,</span> <span class='ocrx_word' id='word_1_316' title='bbox 1763 2490 1828 2519; x_wconf 85' lang='grc'>472</span> <span class='ocrx_word' id='word_1_317' title='bbox 1850 2491 1882 2518; x_wconf 86' lang='grc' dir='ltr'><em>Κ</em></span> <span class='ocrx_word' id='word_1_318' title='bbox 1902 2489 1964 2519; x_wconf 87' lang='grc'>517</span> 
     </span>
     <span class='ocr_line' id='line_1_33' title="bbox 149 2541 1967 2592; baseline -0.007 -9"><span class='ocrx_word' id='word_1_319' title='bbox 149 2565 166 2592; x_wconf 86' lang='grc' dir='ltr'><strong><em>ρ</em></strong></span> <span class='ocrx_word' id='word_1_320' title='bbox 191 2553 232 2583; x_wconf 87' lang='grc'>67</span> <span class='ocrx_word' id='word_1_321' title='bbox 257 2553 339 2582; x_wconf 82' lang='lat' dir='ltr'>Hes.</span> <span class='ocrx_word' id='word_1_322' title='bbox 364 2552 493 2589; x_wconf 81' lang='lat' dir='ltr'>Theog.</span> <span class='ocrx_word' id='word_1_323' title='bbox 519 2552 582 2581; x_wconf 88' lang='grc'>190</span> <span class='ocrx_word' id='word_1_324' title='bbox 609 2551 788 2588; x_wconf 71' lang='grc' dir='ltr'><strong>(Μυεπιοε.</strong></span> <span class='ocrx_word' id='word_1_325' title='bbox 815 2549 912 2584; x_wconf 88' lang='grc'><strong>1888,</strong></span> <span class='ocrx_word' id='word_1_326' title='bbox 937 2549 989 2582; x_wconf 90' lang='grc'><strong>28,</strong></span> <span class='ocrx_word' id='word_1_327' title='bbox 1013 2546 1160 2577; x_wconf 85' lang='lat' dir='ltr'>Schulze</span> <span class='ocrx_word' id='word_1_328' title='bbox 1187 2546 1328 2582; x_wconf 85' lang='lat' dir='ltr'>Quaest.</span> <span class='ocrx_word' id='word_1_329' title='bbox 1349 2545 1412 2583; x_wconf 89' lang='lat' dir='ltr'>Ep.</span> <span class='ocrx_word' id='word_1_330' title='bbox 1435 2545 1499 2574; x_wconf 79' lang='lat'>445</span> <span class='ocrx_word' id='word_1_331' title='bbox 1524 2545 1628 2584; x_wconf 87' lang='lat' dir='ltr'>sqq.).</span> <span class='ocrx_word' id='word_1_332' title='bbox 1652 2542 1753 2581; x_wconf 85' lang='lat' dir='ltr'>Apud</span> <span class='ocrx_word' id='word_1_333' title='bbox 1775 2541 1967 2572; x_wconf 84' lang='lat' dir='ltr'>imitatores</span> 
     </span>
     <span class='ocr_line' id='line_1_34' title="bbox 148 2595 1966 2639; baseline -0.006 -5"><span class='ocrx_word' id='word_1_334' title='bbox 148 2614 230 2635; x_wconf 82' lang='lat' dir='ltr'>vero</span> <span class='ocrx_word' id='word_1_335' title='bbox 253 2605 346 2634; x_wconf 89' lang='lat' dir='ltr'>haud</span> <span class='ocrx_word' id='word_1_336' title='bbox 370 2613 447 2634; x_wconf 83' lang='lat' dir='ltr'>rara</span> <span class='ocrx_word' id='word_1_337' title='bbox 471 2606 551 2633; x_wconf 84' lang='lat' dir='ltr'>sunt</span> <span class='ocrx_word' id='word_1_338' title='bbox 574 2604 673 2633; x_wconf 82' lang='grc' dir='ltr'><strong><em>πουλὺ</em></strong></span> <span class='ocrx_word' id='word_1_339' title='bbox 696 2603 740 2632; x_wconf 81' lang='grc' dir='ltr'>δι’</span> <span class='ocrx_word' id='word_1_340' title='bbox 768 2601 798 2635; x_wconf 75' lang='grc' dir='ltr'>ἐξ</span> <span class='ocrx_word' id='word_1_341' title='bbox 821 2603 898 2630; x_wconf 83' lang='grc' dir='ltr'><strong><em>ἁλόσ</em></strong></span> <span class='ocrx_word' id='word_1_342' title='bbox 921 2599 1048 2639; x_wconf 84' lang='lat' dir='ltr'>(Apoll.</span> <span class='ocrx_word' id='word_1_343' title='bbox 1072 2599 1136 2629; x_wconf 84' lang='lat' dir='ltr'>Rh.</span> <span class='ocrx_word' id='word_1_344' title='bbox 1159 2599 1194 2628; x_wconf 91' lang='lat' dir='ltr'>II</span> <span class='ocrx_word' id='word_1_345' title='bbox 1215 2596 1294 2637; x_wconf 87' lang='lat'>351)</span> <span class='ocrx_word' id='word_1_346' title='bbox 1316 2599 1350 2627; x_wconf 85' lang='lat' dir='ltr'>et</span> <span class='ocrx_word' id='word_1_347' title='bbox 1371 2597 1514 2636; x_wconf 78' lang='lat' dir='ltr'>similia3</span> <span class='ocrx_word' id='word_1_348' title='bbox 1536 2596 1652 2634; x_wconf 86' lang='lat' dir='ltr'>qualia</span> <span class='ocrx_word' id='word_1_349' title='bbox 1671 2595 1764 2633; x_wconf 86' lang='lat' dir='ltr'>apud</span> <span class='ocrx_word' id='word_1_350' title='bbox 1777 2595 1966 2624; x_wconf 89' lang='lat' dir='ltr'>Homerum</span> 
     </span>
     <span class='ocr_line' id='line_1_35' title="bbox 149 2648 1969 2695; baseline -0.008 -6"><span class='ocrx_word' id='word_1_351' title='bbox 149 2667 217 2688; x_wconf 91' lang='lat' dir='ltr'>non</span> <span class='ocrx_word' id='word_1_352' title='bbox 240 2658 474 2688; x_wconf 84' lang='lat' dir='ltr'>inveniuntur.</span> <span class='ocrx_word' id='word_1_353' title='bbox 630 2666 652 2695; x_wconf 75' lang='lat'><em>9</em></span> <span class='ocrx_word' id='word_1_354' title='bbox 677 2658 708 2685; x_wconf 88' lang='grc' dir='ltr'><em>Κ</em></span> <span class='ocrx_word' id='word_1_355' title='bbox 728 2656 767 2684; x_wconf 85' lang='grc'><strong>27</strong></span> <span class='ocrx_word' id='word_1_356' title='bbox 796 2655 813 2683; x_wconf 81' lang='grc' dir='ltr'><em>δ</em></span> <span class='ocrx_word' id='word_1_357' title='bbox 842 2655 916 2688; x_wconf 88' lang='grc'><strong>709,</strong></span> <span class='ocrx_word' id='word_1_358' title='bbox 941 2652 959 2690; x_wconf 68' lang='grc' dir='ltr'>ξ</span> <span class='ocrx_word' id='word_1_359' title='bbox 987 2653 1040 2681; x_wconf 86' lang='grc'><strong>53.</strong></span> <span class='ocrx_word' id='word_1_360' title='bbox 1065 2652 1212 2681; x_wconf 86' lang='lat' dir='ltr'>Schulze</span> <span class='ocrx_word' id='word_1_361' title='bbox 1235 2649 1291 2680; x_wconf 91' lang='lat' dir='ltr'>l.l.</span> <span class='ocrx_word' id='word_1_362' title='bbox 1318 2650 1454 2680; x_wconf 86' lang='lat' dir='ltr'>collatis</span> <span class='ocrx_word' id='word_1_363' title='bbox 1477 2649 1651 2679; x_wconf 80' lang='lat' dir='ltr'>femininis</span> <span class='ocrx_word' id='word_1_364' title='bbox 1674 2648 1797 2688; x_wconf 74' lang='grc' dir='ltr'><strong><em>πρέσβα</em></strong></span> <span class='ocrx_word' id='word_1_365' title='bbox 1821 2648 1854 2677; x_wconf 86' lang='lat' dir='ltr'>et</span> <span class='ocrx_word' id='word_1_366' title='bbox 1877 2651 1969 2685; x_wconf 83' lang='grc' dir='ltr'><strong><em>γραῖα</em></strong></span> 
     </span>
     <span class='ocr_line' id='line_1_36' title="bbox 151 2700 1970 2749; baseline -0.007 -9"><span class='ocrx_word' id='word_1_367' title='bbox 151 2711 351 2749; x_wconf 72' lang='lat' dir='ltr'>suspicatus</span> <span class='ocrx_word' id='word_1_368' title='bbox 375 2712 426 2739; x_wconf 85' lang='lat' dir='ltr'>est</span> <span class='ocrx_word' id='word_1_369' title='bbox 449 2718 467 2738; x_wconf 85' lang='lat' dir='ltr'>a</span> <span class='ocrx_word' id='word_1_370' title='bbox 490 2708 602 2747; x_wconf 82' lang='lat' dir='ltr'>poetis</span> <span class='ocrx_word' id='word_1_371' title='bbox 625 2708 696 2737; x_wconf 85' lang='lat' dir='ltr'>illic</span> <span class='ocrx_word' id='word_1_372' title='bbox 721 2710 925 2745; x_wconf 85' lang='lat' dir='ltr'>usurpatum</span> <span class='ocrx_word' id='word_1_373' title='bbox 949 2713 1025 2734; x_wconf 70' lang='lat' dir='ltr'>esse</span> <span class='ocrx_word' id='word_1_374' title='bbox 1051 2703 1255 2734; x_wconf 79' lang='lat' dir='ltr'>femininum</span> <span class='ocrx_word' id='word_1_375' title='bbox 1279 2706 1398 2732; x_wconf 76' lang='grc' dir='ltr'><strong><em>ποῦλαν</em></strong></span> <span class='ocrx_word' id='word_1_376' title='bbox 1423 2711 1440 2731; x_wconf 87' lang='lat' dir='ltr'>e</span> <span class='ocrx_word' id='word_1_377' title='bbox 1463 2705 1582 2731; x_wconf 80' lang='grc' dir='ltr'><strong><em>πολυαν</em></strong></span> <span class='ocrx_word' id='word_1_378' title='bbox 1604 2701 1676 2730; x_wconf 81' lang='lat' dir='ltr'>sive</span> <span class='ocrx_word' id='word_1_379' title='bbox 1699 2700 1818 2737; x_wconf 48' lang='grc' dir='ltr'><strong><em>πολίω</em></strong></span> <span class='ocrx_word' id='word_1_380' title='bbox 1841 2700 1970 2737; x_wconf 83' lang='lat' dir='ltr'>natum,</span> 
     </span>
     <span class='ocr_line' id='line_1_37' title="bbox 150 2751 1970 2803; baseline -0.009 -9"><span class='ocrx_word' id='word_1_381' title='bbox 150 2765 234 2794; x_wconf 84' lang='lat' dir='ltr'>item</span> <span class='ocrx_word' id='word_1_382' title='bbox 258 2764 331 2803; x_wconf 80' lang='grc' dir='ltr'><em>ἠέρα</em></span> <span class='ocrx_word' id='word_1_383' title='bbox 355 2766 473 2792; x_wconf 77' lang='grc' dir='ltr'><strong><em>ποῦλαν</em></strong></span> <span class='ocrx_word' id='word_1_384' title='bbox 499 2764 524 2791; x_wconf 86' lang='grc' dir='ltr'><em>Ε</em></span> <span class='ocrx_word' id='word_1_385' title='bbox 540 2762 603 2791; x_wconf 79' lang='grc'>776</span> <span class='ocrx_word' id='word_1_386' title='bbox 632 2762 658 2790; x_wconf 89' lang='grc' dir='ltr'>Θ</span> <span class='ocrx_word' id='word_1_387' title='bbox 684 2761 724 2790; x_wconf 88' lang='grc'>50</span> <span class='ocrx_word' id='word_1_388' title='bbox 745 2757 788 2800; x_wconf 85' lang='grc' dir='ltr'>(Ρ</span> <span class='ocrx_word' id='word_1_389' title='bbox 806 2757 896 2799; x_wconf 88' lang='grc'><strong>269).</strong></span> <span class='ocrx_word' id='word_1_390' title='bbox 1029 2757 1049 2786; x_wconf 82' lang='grc' dir='ltr'>Ιι</span> <span class='ocrx_word' id='word_1_391' title='bbox 1073 2758 1186 2787; x_wconf 78' lang='lat' dir='ltr'>Etiam</span> <span class='ocrx_word' id='word_1_392' title='bbox 1208 2757 1250 2786; x_wconf 84' lang='lat' dir='ltr'>ab</span> <span class='ocrx_word' id='word_1_393' title='bbox 1270 2755 1457 2790; x_wconf 83' lang='lat' dir='ltr'>Herodoto,</span> <span class='ocrx_word' id='word_1_394' title='bbox 1478 2755 1533 2784; x_wconf 87' lang='lat' dir='ltr'>cui</span> <span class='ocrx_word' id='word_1_395' title='bbox 1554 2752 1656 2783; x_wconf 85' lang='lat' dir='ltr'>unica</span> <span class='ocrx_word' id='word_1_396' title='bbox 1677 2751 1840 2782; x_wconf 86' lang='lat' dir='ltr'>adiectivi</span> <span class='ocrx_word' id='word_1_397' title='bbox 1860 2751 1970 2780; x_wconf 78' lang='lat' dir='ltr'>forma</span> 
     </span>
     <span class='ocr_line' id='line_1_38' title="bbox 152 2803 1971 2849; baseline -0.008 -3"><span class='ocrx_word' id='word_1_398' title='bbox 152 2815 221 2846; x_wconf 79' lang='lat' dir='ltr'>fuit</span> <span class='ocrx_word' id='word_1_399' title='bbox 239 2818 362 2846; x_wconf 87' lang='grc' dir='ltr'><strong><em>πολλόσ.</em></strong></span> <span class='ocrx_word' id='word_1_400' title='bbox 500 2813 510 2842; x_wconf 84' lang='grc' dir='ltr'><strong><em>ἰ</em></strong></span> <span class='ocrx_word' id='word_1_401' title='bbox 534 2826 546 2843; x_wconf 80' lang='grc' dir='ltr'>ε</span> <span class='ocrx_word' id='word_1_402' title='bbox 567 2814 641 2844; x_wconf 73' lang='grc'><strong>432.</strong></span> <span class='ocrx_word' id='word_1_403' title='bbox 662 2813 751 2843; x_wconf 89' lang='lat' dir='ltr'>Item</span> <span class='ocrx_word' id='word_1_404' title='bbox 772 2814 917 2849; x_wconf 83' lang='grc' dir='ltr'><strong><em>Πολυνόη</em></strong></span> <span class='ocrx_word' id='word_1_405' title='bbox 935 2812 1017 2841; x_wconf 78' lang='lat' dir='ltr'>Hes.</span> <span class='ocrx_word' id='word_1_406' title='bbox 1039 2810 1168 2847; x_wconf 79' lang='lat' dir='ltr'>Theog.</span> <span class='ocrx_word' id='word_1_407' title='bbox 1183 2810 1258 2840; x_wconf 89' lang='grc'><strong>258.</strong></span> <span class='ocrx_word' id='word_1_408' title='bbox 1383 2808 1405 2847; x_wconf 75' lang='lat' dir='ltr'><em>j</em></span> <span class='ocrx_word' id='word_1_409' title='bbox 1429 2807 1706 2841; x_wconf 72' lang='lat' dir='ltr'>productionem,</span> <span class='ocrx_word' id='word_1_410' title='bbox 1719 2813 1821 2842; x_wconf 86' lang='lat' dir='ltr'>qnam</span> <span class='ocrx_word' id='word_1_411' title='bbox 1835 2803 1971 2841; x_wconf 85' lang='lat' dir='ltr'>peperit</span> 
     </span>
     <span class='ocr_line' id='line_1_39' title="bbox 150 2857 1970 2905; baseline -0.008 -6"><span class='ocrx_word' id='word_1_412' title='bbox 150 2872 301 2899; x_wconf 85' lang='lat' dir='ltr'>metrum</span> <span class='ocrx_word' id='word_1_413' title='bbox 328 2868 547 2905; x_wconf 81' lang='lat' dir='ltr'>dactylicum,</span> <span class='ocrx_word' id='word_1_414' title='bbox 572 2869 693 2905; x_wconf 83' lang='lat' dir='ltr'>postea</span> <span class='ocrx_word' id='word_1_415' title='bbox 712 2867 892 2895; x_wconf 80' lang='lat' dir='ltr'>servarunt</span> <span class='ocrx_word' id='word_1_416' title='bbox 913 2863 1050 2894; x_wconf 86' lang='lat' dir='ltr'>nomina</span> <span class='ocrx_word' id='word_1_417' title='bbox 1070 2864 1210 2902; x_wconf 85' lang='lat' dir='ltr'>propria</span> <span class='ocrx_word' id='word_1_418' title='bbox 1232 2865 1422 2895; x_wconf 76' lang='grc' dir='ltr'><strong><em>Πουλυτίων,</em></strong></span> <span class='ocrx_word' id='word_1_419' title='bbox 1444 2860 1672 2895; x_wconf 74' lang='grc' dir='ltr'><strong><em>Πουλυδάμᾶσ,</em></strong></span> <span class='ocrx_word' id='word_1_420' title='bbox 1691 2859 1905 2897; x_wconf 81' lang='grc' dir='ltr'><strong><em>Πουλυχάρησ</em></strong></span> <span class='ocrx_word' id='word_1_421' title='bbox 1925 2857 1970 2891; x_wconf 86' lang='lat' dir='ltr'>et,</span> 
     </span>
     <span class='ocr_line' id='line_1_40' title="bbox 153 2908 1969 2960; baseline -0.007 -9"><span class='ocrx_word' id='word_1_422' title='bbox 153 2921 246 2959; x_wconf 88' lang='lat' dir='ltr'>quod</span> <span class='ocrx_word' id='word_1_423' title='bbox 265 2922 396 2960; x_wconf 88' lang='lat' dir='ltr'>proprii</span> <span class='ocrx_word' id='word_1_424' title='bbox 416 2918 567 2950; x_wconf 87' lang='lat' dir='ltr'>nominis</span> <span class='ocrx_word' id='word_1_425' title='bbox 586 2921 695 2948; x_wconf 82' lang='lat' dir='ltr'>instar</span> <span class='ocrx_word' id='word_1_426' title='bbox 713 2919 788 2954; x_wconf 84' lang='lat' dir='ltr'>fuit,</span> <span class='ocrx_word' id='word_1_427' title='bbox 808 2927 932 2948; x_wconf 89' lang='lat' dir='ltr'>nomen</span> <span class='ocrx_word' id='word_1_428' title='bbox 953 2916 1114 2946; x_wconf 80' lang='lat' dir='ltr'>animalis</span> <span class='ocrx_word' id='word_1_429' title='bbox 1133 2918 1326 2949; x_wconf 82' lang='grc' dir='ltr'><strong><em>πουλύπουσ,</em></strong></span> <span class='ocrx_word' id='word_1_430' title='bbox 1346 2923 1423 2953; x_wconf 89' lang='lat' dir='ltr'>pag.</span> <span class='ocrx_word' id='word_1_431' title='bbox 1446 2915 1487 2942; x_wconf 86' lang='lat'>94</span> <span class='ocrx_word' id='word_1_432' title='bbox 1502 2912 1528 2949; x_wconf 89' lang='lat' dir='ltr'>b,</span> <span class='ocrx_word' id='word_1_433' title='bbox 1546 2921 1571 2947; x_wconf 82' lang='lat' dir='ltr'>c,</span> <span class='ocrx_word' id='word_1_434' title='bbox 1591 2911 1622 2941; x_wconf 88' lang='lat' dir='ltr'>d.</span> <span class='ocrx_word' id='word_1_435' title='bbox 1764 2909 1784 2939; x_wconf 83' lang='lat' dir='ltr'>lc</span> <span class='ocrx_word' id='word_1_436' title='bbox 1804 2909 1911 2941; x_wconf 85' lang='grc' dir='ltr'><strong>Ξ157</strong></span> <span class='ocrx_word' id='word_1_437' title='bbox 1926 2908 1969 2938; x_wconf 83' lang='lat' dir='ltr'>al.</span> 
     </span>
    </p>

    <p class='ocr_par' dir='ltr' id='par_1_16' title="bbox 154 2959 1969 3170">
     <span class='ocr_line' id='line_1_41' title="bbox 289 2959 1969 3008; baseline -0.008 -5"><span class='ocrx_word' id='word_1_438' title='bbox 289 2974 302 3003; x_wconf 86' lang='lat' dir='ltr'>I</span> <span class='ocrx_word' id='word_1_439' title='bbox 324 2977 359 3003; x_wconf 91' lang='lat' dir='ltr'><em>H</em></span> <span class='ocrx_word' id='word_1_440' title='bbox 380 2974 455 3003; x_wconf 79' lang='lat'>475.</span> <span class='ocrx_word' id='word_1_441' title='bbox 589 2982 615 3001; x_wconf 88' lang='lat' dir='ltr'>m</span> <span class='ocrx_word' id='word_1_442' title='bbox 642 2972 724 3001; x_wconf 80' lang='lat' dir='ltr'>Hes.</span> <span class='ocrx_word' id='word_1_443' title='bbox 747 2969 832 3008; x_wconf 84' lang='lat' dir='ltr'>Clip.</span> <span class='ocrx_word' id='word_1_444' title='bbox 858 2971 910 2999; x_wconf 91' lang='lat'>81.</span> <span class='ocrx_word' id='word_1_445' title='bbox 1044 2979 1064 2998; x_wconf 82' lang='lat' dir='ltr'>n</span> <span class='ocrx_word' id='word_1_446' title='bbox 1088 2973 1117 2998; x_wconf 94' lang='lat' dir='ltr'><em>Z</em></span> <span class='ocrx_word' id='word_1_447' title='bbox 1142 2969 1217 2998; x_wconf 81' lang='lat'>285.</span> <span class='ocrx_word' id='word_1_448' title='bbox 1242 2966 1416 2997; x_wconf 85' lang='lat' dir='ltr'>Correctio</span> <span class='ocrx_word' id='word_1_449' title='bbox 1440 2966 1582 2994; x_wconf 77' lang='lat' dir='ltr'>incerta.</span> <span class='ocrx_word' id='word_1_450' title='bbox 1722 2972 1740 2992; x_wconf 93' lang='lat' dir='ltr'>o</span> <span class='ocrx_word' id='word_1_451' title='bbox 1767 2963 1801 2992; x_wconf 85' lang='lat' dir='ltr'><em>A</em></span> <span class='ocrx_word' id='word_1_452' title='bbox 1828 2962 1889 2991; x_wconf 87' lang='lat'>129</span> <span class='ocrx_word' id='word_1_453' title='bbox 1915 2959 1969 2999; x_wconf 64' lang='lat' dir='ltr'>al„</span> 
     </span>
     <span class='ocr_line' id='line_1_42' title="bbox 154 3013 1969 3063; baseline -0.008 -6"><span class='ocrx_word' id='word_1_454' title='bbox 154 3025 173 3062; x_wconf 68' lang='grc' dir='ltr'><strong>ἓ</strong></span> <span class='ocrx_word' id='word_1_455' title='bbox 198 3027 256 3063; x_wconf 89' lang='grc'>15;</span> <span class='ocrx_word' id='word_1_456' title='bbox 281 3025 418 3056; x_wconf 86' lang='lat' dir='ltr'>sincera</span> <span class='ocrx_word' id='word_1_457' title='bbox 442 3026 552 3056; x_wconf 81' lang='lat' dir='ltr'>forma</span> <span class='ocrx_word' id='word_1_458' title='bbox 576 3030 670 3054; x_wconf 77' lang='lat' dir='ltr'>extat</span> <span class='ocrx_word' id='word_1_459' title='bbox 695 3028 730 3054; x_wconf 93' lang='grc' dir='ltr'><em>Π</em></span> <span class='ocrx_word' id='word_1_460' title='bbox 751 3025 803 3054; x_wconf 86' lang='grc'><strong>57.</strong></span> <span class='ocrx_word' id='word_1_461' title='bbox 932 3034 955 3062; x_wconf 78' lang='lat' dir='ltr'>p</span> <span class='ocrx_word' id='word_1_462' title='bbox 982 3026 1009 3052; x_wconf 90' lang='lat' dir='ltr'><strong><em>P</em></strong></span> <span class='ocrx_word' id='word_1_463' title='bbox 1029 3023 1103 3052; x_wconf 86' lang='lat'>192.</span> <span class='ocrx_word' id='word_1_464' title='bbox 1128 3021 1311 3058; x_wconf 66' lang='lat' dir='ltr'>Vulgatam</span> <span class='ocrx_word' id='word_1_465' title='bbox 1335 3018 1519 3048; x_wconf 85' lang='lat' dir='ltr'>lectionem</span> <span class='ocrx_word' id='word_1_466' title='bbox 1544 3019 1686 3046; x_wconf 81' lang='lat' dir='ltr'>secutus</span> <span class='ocrx_word' id='word_1_467' title='bbox 1710 3017 1762 3044; x_wconf 80' lang='lat' dir='ltr'>est</span> <span class='ocrx_word' id='word_1_468' title='bbox 1784 3013 1969 3052; x_wconf 88' lang='lat' dir='ltr'>Euripides</span> 
     </span>
     <span class='ocr_line' id='line_1_43' title="bbox 155 3064 1968 3118; baseline -0.007 -11"><span class='ocrx_word' id='word_1_469' title='bbox 155 3078 256 3109; x_wconf 87' lang='lat' dir='ltr'>Herc.</span> <span class='ocrx_word' id='word_1_470' title='bbox 280 3080 355 3108; x_wconf 82' lang='lat'>426.</span> <span class='ocrx_word' id='word_1_471' title='bbox 544 3088 561 3118; x_wconf 88' lang='lat' dir='ltr'><em>q</em></span> <span class='ocrx_word' id='word_1_472' title='bbox 590 3079 616 3108; x_wconf 89' lang='grc' dir='ltr'>Θ</span> <span class='ocrx_word' id='word_1_473' title='bbox 639 3078 702 3107; x_wconf 83' lang='grc'>411</span> <span class='ocrx_word' id='word_1_474' title='bbox 732 3081 756 3105; x_wconf 77' lang='grc' dir='ltr'><em>Υ</em></span> <span class='ocrx_word' id='word_1_475' title='bbox 781 3077 799 3105; x_wconf 88' lang='grc'><strong>5</strong></span> <span class='ocrx_word' id='word_1_476' title='bbox 825 3078 860 3105; x_wconf 82' lang='grc' dir='ltr'>Φ</span> <span class='ocrx_word' id='word_1_477' title='bbox 884 3076 948 3104; x_wconf 85' lang='grc'>449</span> <span class='ocrx_word' id='word_1_478' title='bbox 974 3078 1007 3104; x_wconf 87' lang='grc' dir='ltr'><em>Χ</em></span> <span class='ocrx_word' id='word_1_479' title='bbox 1033 3075 1093 3104; x_wconf 89' lang='grc'>171</span> <span class='ocrx_word' id='word_1_480' title='bbox 1119 3075 1200 3103; x_wconf 87' lang='lat' dir='ltr'>Hes.</span> <span class='ocrx_word' id='word_1_481' title='bbox 1224 3071 1351 3109; x_wconf 84' lang='lat' dir='ltr'>Theog.</span> <span class='ocrx_word' id='word_1_482' title='bbox 1377 3072 1474 3101; x_wconf 90' lang='grc'><strong>1010.</strong></span> <span class='ocrx_word' id='word_1_483' title='bbox 1498 3070 1577 3099; x_wconf 85' lang='lat' dir='ltr'>Ace.</span> <span class='ocrx_word' id='word_1_484' title='bbox 1603 3069 1742 3107; x_wconf 77' lang='grc' dir='ltr'><strong><em>δίπτυχα</em></strong></span> <span class='ocrx_word' id='word_1_485' title='bbox 1761 3069 1795 3097; x_wconf 90' lang='lat' dir='ltr'><em>A</em></span> <span class='ocrx_word' id='word_1_486' title='bbox 1820 3068 1882 3097; x_wconf 88' lang='lat'>461</span> <span class='ocrx_word' id='word_1_487' title='bbox 1910 3064 1968 3101; x_wconf 84' lang='lat' dir='ltr'>al.;</span> 
     </span>
     <span class='ocr_line' id='line_1_44' title="bbox 154 3119 1969 3170; baseline -0.006 -11"><span class='ocrx_word' id='word_1_488' title='bbox 154 3131 385 3160; x_wconf 84' lang='lat' dir='ltr'>nominativus</span> <span class='ocrx_word' id='word_1_489' title='bbox 408 3134 586 3170; x_wconf 75' lang='grc' dir='ltr'><strong><em>τρίπτυχοσ</em></strong></span> <span class='ocrx_word' id='word_1_490' title='bbox 610 3132 638 3159; x_wconf 85' lang='lat' dir='ltr'><em>A</em></span> <span class='ocrx_word' id='word_1_491' title='bbox 663 3131 727 3159; x_wconf 70' lang='lat'>353</span> <span class='ocrx_word' id='word_1_492' title='bbox 752 3131 785 3158; x_wconf 89' lang='lat' dir='ltr'>et</span> <span class='ocrx_word' id='word_1_493' title='bbox 810 3129 963 3165; x_wconf 71' lang='grc' dir='ltr'><strong><em>δίπτυχον</em></strong></span> <span class='ocrx_word' id='word_1_494' title='bbox 988 3139 1003 3155; x_wconf 78' lang='grc' dir='ltr'><em>ν</em></span> <span class='ocrx_word' id='word_1_495' title='bbox 1028 3128 1091 3156; x_wconf 89' lang='grc'>224</span> <span class='ocrx_word' id='word_1_496' title='bbox 1116 3125 1244 3156; x_wconf 83' lang='lat' dir='ltr'>mutari</span> <span class='ocrx_word' id='word_1_497' title='bbox 1268 3134 1335 3155; x_wconf 88' lang='lat' dir='ltr'>non</span> <span class='ocrx_word' id='word_1_498' title='bbox 1359 3124 1516 3162; x_wconf 80' lang='lat' dir='ltr'>possunt.</span> <span class='ocrx_word' id='word_1_499' title='bbox 1701 3131 1718 3150; x_wconf 91' lang='lat' dir='ltr'>r</span> <span class='ocrx_word' id='word_1_500' title='bbox 1740 3121 1781 3150; x_wconf 90' lang='lat' dir='ltr'>H.</span> <span class='ocrx_word' id='word_1_501' title='bbox 1806 3121 1867 3157; x_wconf 88' lang='lat' dir='ltr'>Ap.</span> <span class='ocrx_word' id='word_1_502' title='bbox 1894 3119 1969 3148; x_wconf 89' lang='lat'>520.</span> 
     </span>
    </p>

    <p class='ocr_par' dir='ltr' id='par_1_17' title="bbox 226 3175 1865 3218">
     <span class='ocr_line' id='line_1_45' title="bbox 226 3175 1865 3218; baseline -0.008 -3"><span class='ocrx_word' id='word_1_503' title='bbox 226 3187 300 3215; x_wconf 82' lang='lat' dir='ltr'>Van</span> <span class='ocrx_word' id='word_1_504' title='bbox 319 3187 489 3218; x_wconf 85' lang='lat' dir='ltr'>Leeuwen.</span> <span class='ocrx_word' id='word_1_505' title='bbox 510 3185 747 3215; x_wconf 83' lang='lat' dir='ltr'>Euchiridium.</span> <span class='ocrx_word' id='word_1_506' title='bbox 1830 3175 1865 3203; x_wconf 86' lang='lat'>13</span> 
     </span>
    </p>
   </div>
  </div>
 </body>
</html>
