2234 3443
1071 602 1140 653 V.

738 742 860 812 DE
908 737 1466 818 PARTICULIS.

976 929 1179 970 CAPUT
1207 929 1237 969 I.

594 1051 706 1102 DE
760 1044 1622 1101 PRAEPOSITIONIBUS.

320 1431 348 1484 ἓ
380 1431 472 1476 312.
520 1434 872 1482 Praepositiones
916 1433 1113 1472 adverbia
1158 1431 1234 1470 loci
1278 1430 1413 1469 fuisse
1459 1428 1626 1478 passim
1668 1427 1710 1464 in
1754 1421 2022 1464 carminibus

204 1501 339 1550 epicis
367 1503 558 1550 apparet,
587 1501 789 1550 plurimis
816 1501 931 1539 enim
960 1500 1067 1539 locis
1093 1508 1253 1538 nomen
1279 1498 1334 1536 iis
1360 1507 1446 1535 non
1475 1497 1543 1535 est
1568 1494 1765 1533 additum
1778 1500 1809 1541 a,
1839 1501 1907 1530 ex.
1935 1499 2019 1538 gr.:

558 1564 605 1607 ἓν
638 1565 681 1605 δὲ
711 1568 842 1616 κρῆνκ
874 1567 974 1617 νάει,
1004 1565 1122 1620 ἀμφὶ
1154 1564 1197 1604 δὲ
1228 1564 1372 1614 λειμών
1387 1561 1415 1602 ὂ.

322 1636 496 1675 Omisso
538 1637 687 1674 autem
720 1634 855 1674 verbo
897 1633 979 1673 ἐστί
1016 1634 1087 1673 vel
1127 1633 1242 1682 εἶσίυ,
1275 1654 1326 1660 -—
1361 1641 1470 1680 quae
1513 1630 1718 1677 frequens
1756 1627 1800 1665 in
1842 1622 2023 1664 Homeri

204 1703 403 1752 dictione,
437 1705 486 1741 ut
516 1705 680 1751 postea,
714 1703 797 1742 fuit
828 1702 1036 1751 brevitas,
1065 1723 1121 1728 —
1144 1700 1489 1750 praepositiones
1525 1696 1656 1744 ἕνωσ,
1685 1694 1762 1744 ἔπι,
1791 1693 1927 1744 πάρ(α)
1958 1690 2027 1730 sui

205 1771 315 1809 iuris
346 1770 410 1809 sic
441 1767 648 1819 fiebantd‚
682 1781 751 1811 ex,
785 1781 866 1818 gr.:

558 1833 642 1875 ἔνθ’
679 1833 743 1877 ἔνι
777 1834 848 1885 μὲν
880 1835 1064 1885 φιλότκσ,
1096 1833 1142 1875 ἒν
1176 1831 1212 1873 δ’
1249 1833 1400 1885 ἴμεροσ,
1431 1829 1477 1872 ἓν
1511 1827 1547 1870 δ’
1583 1828 1811 1881 ὀαριστύσθ.

560 1902 608 1942 οὔ
641 1918 700 1943 τοι
732 1901 805 1944 ἔπι
838 1903 958 1956 ὃρέοσ
981 1901 1009 1941 f.

560 1969 681 2021 ἔρχεο·
712 1968 804 2023 πάρ
837 1985 896 2009 τοι
928 1968 1068 2009 ὁδόσθ.

327 2102 356 2158 ἓ
388 2103 483 2148 313.
514 2106 866 2156 Praepositiones
898 2107 941 2145 in
975 2106 1098 2154 epica
1129 2105 1280 2152 lingua
1312 2103 1354 2141 vi
1387 2102 1583 2151 ingenita
1614 2099 1874 2139 fruebantur
1905 2097 2033 2146 plena

208 2175 338 2220 atque
362 2173 547 2222 integra,
573 2183 672 2212 cum
690 2174 923 2212 verborum
953 2174 1102 2211 autem
1125 2171 1337 2220 stirpibus
1358 2169 1530 2209 firmius
1547 2178 1633 2207 non
1647 2165 1986 2206 concrescebant
1998 2166 2031 2204 b.

209 2239 319 2278 Nam
362 2239 550 2288 plurima
580 2241 756 2288 quidem
797 2241 931 2279 verba
971 2239 1216 2288 composita
1255 2238 1298 2276 in
1341 2236 1611 2276 carminibus
1653 2234 1787 2283 epicis
1827 2233 2034 2280 leguntur

210 2308 254 2345 et
293 2307 474 2346 nomina
513 2307 706 2346 verbalia
748 2307 889 2346 multa
929 2308 992 2345 ita
1034 2308 1139 2345 sunt
1179 2306 1466 2353 conformata,
1506 2313 1585 2342 nec
1615 2312 1700 2341 non
1735 2299 2037 2348 decomposita

211 2382 323 2420 quae
363 2373 568 2413 dicuntur
609 2374 823 2413 nonnulla
863 2374 962 2412 inde
1002 2375 1109 2412 sunt
1151 2373 1293 2421 ducta,
1336 2371 1411 2410 sed
1448 2371 1615 2419 passim
1649 2370 1828 2418 apparet
1858 2375 2037 2416 praepo·

212 2440 397 2479 sitiones
443 2450 543 2479 cum
589 2441 734 2480 verbis
782 2451 867 2480 non
915 2440 1001 2478 nisi
1047 2439 1244 2478 tenuiore
1282 2437 1457 2477 vinculo
1504 2437 1704 2485 quodque
1749 2434 1863 2474 solvi
1907 2432 2038 2472 facile

215 2509 363 2555 posset
402 2508 652 2547 cohaesisse
666 2506 690 2547 ἰ.
734 2508 924 2546 Rectene
963 2507 1193 2545 excuditur
1226 2505 1393 2555 Χρύσην
1425 2502 1724 2555 ἇμφιβέβκκασ,
1754 2512 1809 2541 an
1841 2501 2039 2550 praestat

304 2648 324 2668 a
347 2638 430 2668 Voci
449 2640 531 2679 πρόσ
553 2638 639 2667 haec
664 2638 715 2667 vis
739 2640 772 2668 et
794 2639 916 2676 postea
940 2637 1143 2675 permansit,
1169 2645 1220 2666 ex.
1241 2644 1292 2673 gr.
1313 2636 1363 2665 καὶ
1384 2636 1476 2672 ἔγωγε
1499 2636 1581 2675 πρόσ
1605 2636 1637 2663 et
1659 2631 1799 2673 equidem
1827 2630 1956 2669 insuper
1979 2627 2038 2657 Ar.

216 2691 300 2721 Ran.
326 2691 404 2721 415.
538 2690 554 2720 b
579 2693 595 2726 ζ
617 2692 693 2721 292.
834 2700 850 2720 c
874 2690 891 2728 ἓ
917 2687 1009 2720 3155.
1149 2688 1172 2718 d
1188 2688 1338 2718 Initialis
1361 2687 1630 2726 praepositionis
1652 2693 1758 2715 sonus
1784 2686 1865 2713 tunc
1887 2680 2040 2711 habebat

216 2747 408 2774 accentum.
542 2752 559 2773 e
581 2744 617 2775 Ξ
637 2745 712 2773 216.
847 2742 870 2779 f
889 2744 923 2772 A
949 2743 1025 2772 515.
1156 2751 1178 2780 y
1203 2745 1221 2771 Ι
1241 2741 1295 2771 43.
1430 2739 1451 2769 Ιι
1474 2740 1570 2770 Hanc
1594 2738 1637 2768 ob
1663 2745 1803 2767 causam
1827 2736 1862 2765 in
1886 2733 2038 2764 dictione

215 2797 316 2836 opica
348 2794 560 2834 praepositio
594 2804 770 2833 nunquam
801 2795 986 2825 subiuncta
1013 2796 1067 2824 est
1092 2796 1289 2832 augmento,
1317 2795 1356 2823 nt
1388 2794 1510 2831 postea
1533 2793 1568 2821 in
1592 2792 1795 2827 ἐκαθεζόμην,
1822 2788 2039 2826 ἠμπεσχόμην,

219 2851 400 2888 ἠμφίεσμαι,
423 2848 568 2888 -ὲφρηκα,
592 2848 651 2883 al.;
677 2848 845 2878 lectiones
865 2847 1030 2882 ἐκαθέζετο
1048 2845 1084 2875 Α
1104 2846 1157 2882 68,
1178 2846 1331 2875 ἐκάθευδε
1351 2847 1385 2874 A
1408 2846 1469 2874 611
1490 2843 1524 2881 (γ
1538 2844 1600 2873 402
1611 2843 1640 2881 Ρ)
1661 2844 1677 2878 ζ
1698 2844 1724 2877 1,
1745 2839 1910 2878 ἒμεθίειςῖ)
1934 2842 1957 2867 0
1971 2838 2035 2867 ’716

219 2902 262 2931 ab
287 2901 485 2931 Aristarcho
504 2902 585 2930 sunt
597 2901 757 2937 reiectae,
769 2908 848 2938 pag.
862 2899 925 2929 270
939 2909 978 2928 m.
1089 2898 1102 2927 i
1119 2896 1442 2936 Praepositionibus
1453 2896 1637 2926 verborum
1651 2892 1922 2933 compositorum
1935 2892 2037 2922 etiam

219 2958 340 2992 postes.
362 2954 496 2992 proprii
516 2953 603 2982 iuris
626 2951 759 2989 aliquid
783 2952 951 2982 mansisse
975 2953 1148 2981 testantur
1170 2953 1395 2988 augmentum
1420 2952 1454 2979 et
1477 2946 1707 2986 reduplicatio
1731 2945 1914 2975 verborum
1938 2945 2041 2981 longe

220 3006 465 3045 plerorumque
502 3003 698 3043 postposita
730 3003 990 3042 praepositioni,
1024 3005 1058 3033 et
1088 3003 1130 3032 ad
1161 3003 1279 3032 oculos
1310 3001 1550 3031 demonstrant
1582 3008 1670 3038 quae
1694 3000 1729 3028 in
1752 2996 2040 3036 inscriptionibus

222 3059 378 3098 cypricis
410 3059 593 3096 leguntur:
630 3065 766 3087 euve-o
782 3064 916 3087 ·ru·.2·e
939 3058 990 3086 et:
1017 3055 1079 3085 ka·
1094 3057 1143 3085 te·
1160 3062 1261 3084 euve·
1280 3055 1381 3084 taz-se
1411 3053 1498 3083 sive:
1525 3051 1555 3086 ἒξ
1583 3050 1720 3093 ὀρύξη(ι)
1752 3052 1786 3080 et
1820 3051 1879 3080 κὰτ
1916 3051 2040 3082 tatem,

221 3119 306 3141 non:
330 3119 366 3141 e·
379 3119 420 3140 ,το
434 3119 440 3125 ·
455 3120 494 3140 ru
508 3119 515 3126 ·
528 3119 568 3140 ,τε
593 3112 669 3140 ant:
697 3109 737 3139 ka
750 3117 758 3125 ·
773 3111 821 3139 te·
834 3117 885 3139 se·
902 3110 1001 3138 tante
1026 3109 1116 3141 sive:
1141 3105 1320 3147 ἐξορύξηο),
1343 3106 1524 3136 κατέστᾶσε.
