2234 3443
129 189 152 234 5
185 187 284 232 122]
416 196 471 224 De
502 194 715 223 memoris
747 195 982 224 VERBORUM
1013 195 1363 224 ossnnvArrorOEs
1395 195 1661 226 GENERALES.
1859 190 1944 228 243

246 309 500 350 Cuiusmodi
539 308 807 349 subiunctivi
847 309 901 348 ab
943 305 1174 346 indicativo
1206 305 1348 358 futuri
1385 319 1471 347 non
1503 309 1720 359 differunt,
1753 314 1949 362 exceptis

124 377 180 416 iis
221 387 406 426 quorum
446 377 581 425 stirps
622 377 667 415 in
708 386 945 416 consonam
988 372 1198 428 liquidam
1238 376 1452 423 desinita;
1495 376 1762 417 subiunctivi
1798 382 1947 420 autem

125 443 236 483 fines
275 443 482 492 quoniam
525 443 705 482 Homeri
747 444 892 482 aetate
936 442 1162 490 aliquanto
1204 442 1340 481 latius
1371 452 1503 491 quam
1536 445 1690 492 postea
1722 445 1767 483 in
1798 445 1948 495 lingua

126 511 289 551 Graeca
319 511 540 560 patebant,
565 511 626 549 ita
652 513 700 549 ut
726 510 1033 549 subiunctivus
1059 509 1276 558 particula
1300 512 1399 555 κε(ν)
1427 513 1608 549 ornatus
1633 511 1677 549 in
1705 513 1948 553 enuntiatis

126 579 348 627 primariis
374 578 417 616 id
443 578 532 616 fere
554 577 666 625 quod
689 578 888 616 futurum
906 576 1072 615 valeret
1085 573 1114 625 b,
1133 578 1415 624 grammatici
1431 581 1645 627 putarunt
1660 580 1947 622 indicativum

125 646 259 685 futuri
300 645 344 684 in
377 636 566 684 dictione
597 645 720 693 epica
751 643 990 693 particulae
1021 646 1121 688 κε(ν)
1153 643 1248 682 sive
1279 642 1329 681 ἄν
1362 646 1522 684 sociari
1552 647 1764 694 potuisse.
1796 649 1949 697 Itaque

124 714 167 752 in
195 712 340 752 verbis
366 710 391 762 ἥ
417 709 486 750 κέν
511 726 580 761 μιν
607 710 790 761 ἐρύσσεαι
815 708 841 761 ἥ
868 724 936 748 κεν
963 708 1124 748 ἐάσεισθ
1156 712 1198 750 et
1223 710 1446 751 similibus
1472 713 1631 753 vocula
1656 728 1699 752 κε
1725 716 1949 755 dicebatur

123 778 289 829 περισσὴ
335 789 447 828 esse,
490 779 534 818 in
574 780 816 818 recentiore
859 778 976 816 enim
1020 777 1172 826 lingua
1214 788 1317 817 vero
1354 778 1502 819 futuro
1545 782 1640 819 erat
1685 781 1831 821 locus:
1875 782 1949 822 εἴτε

123 847 264 885 σώσεισ
295 845 419 885 αὐτὸν
459 845 533 884 εἴτε
571 844 713 884 ἐάσεισ.
752 845 834 884 Sed
861 845 1078 894 particula
1105 859 1148 883 κε
1174 846 1270 884 sive
1297 843 1348 883 ἅν
1375 848 1564 896 tempori
1591 848 1740 888 futuro
1769 851 1947 900 adiungi

123 924 263 962 neque
303 914 348 952 in
390 913 512 962 epica
553 912 741 951 dictione
782 908 957 961 potuitd
996 922 1134 960 neque
1176 915 1369 961 posteae.
1414 913 1667 954 Cuiusmodi
1708 916 1751 955 in
1783 918 1946 958 tradito

122 983 249 1021 textu
280 991 366 1021 non
397 980 483 1019 nisi
512 990 650 1029 pauca
681 981 786 1018 sunt
817 980 926 1018 vitia
945 977 976 1019 f.

211 1048 381 1087 Vitiosa
426 1049 575 1086 autem
620 1056 706 1086 non
754 1048 822 1085 est
863 1047 1078 1095 particula
1116 1061 1159 1085 κε
1203 1047 1333 1086 verbo
1376 1048 1418 1086 in
1461 1059 1598 1088 -σουσι
1630 1050 1701 1090 vel
1737 1051 1781 1089 in
1813 1055 1947 1097 -σει(σ)

122 1115 341 1155 desinenti
381 1115 644 1161 adiunctam
689 1114 740 1153 de
781 1124 866 1161 qua
909 1114 1113 1153 iunctura
1145 1114 1234 1153 iam
1267 1116 1335 1153 est
1367 1115 1613 1155 dicendum.
1645 1117 1757 1156 Nam
1789 1118 1949 1158 tradito

121 1182 265 1221 textui
305 1182 343 1221 si
386 1180 494 1221 fides
534 1183 604 1220 est
644 1181 855 1230 habenda,
899 1181 1101 1220 flexionis
1143 1182 1439 1221 athematicae
1481 1183 1526 1221 in
1566 1183 1719 1232 lingua
1750 1185 1871 1234 epica
1903 1187 1947 1225 hi

122 1251 249 1288 erant
279 1249 458 1288 termini
489 1247 777 1287 subiunctivi:

537 1330 600 1365 -ω,
629 1327 730 1365 -ηισ,
759 1329 835 1365 -ηι,
863 1329 984 1364 -ετον,
1014 1329 1144 1365 -ομεν,
1179 1329 1266 1364 -ετε,
1294 1327 1397 1354 -ωσι,

534 1396 664 1431 -ομαι,
694 1396 788 1432 -εαι,
819 1396 933 1430 -εται,
963 1385 1130 1432 -ησθον,
1159 1385 1324 1432 -ομεθα,
1354 1386 1491 1433 -ησθε,
1519 1399 1674 1424 winton.

241 1449 433 1499 Quorum
465 1450 754 1488 terminorum
787 1451 957 1499 primus
989 1460 1075 1489 non
1103 1449 1233 1489 habet
1260 1451 1371 1498 quod
1403 1451 1462 1490 sit
1487 1452 1691 1501 notabile,
1716 1454 1760 1492 in
1788 1440 1948 1495 ceteris

122 1526 224 1556 vero
269 1517 445 1565 signum
487 1531 513 1566 η
545 1517 615 1556 vel
656 1532 686 1554 ω
719 1517 778 1555 ibi
818 1519 996 1556 tantum
1029 1519 1210 1566 apparet
1242 1517 1315 1556 ubi
1348 1518 1558 1567 vocalem,
1593 1521 1769 1559 etiamsi
1802 1522 1947 1562 brevis

124 1586 241 1623 esset
273 1586 445 1632 natura,
479 1584 732 1633 producturi
764 1586 913 1623 tamen
947 1586 1073 1623 erant
1103 1584 1314 1622 submissi
1345 1585 1442 1623 soni
1472 1600 1516 1622 vt
1548 1608 1602 1612 —
1635 1596 1738 1626 nam
1770 1601 1862 1626 -ωσι
1893 1600 1948 1628 ex

123 1665 237 1688 -mvu
275 1653 344 1690 est
374 1652 529 1690 natum
561 1672 617 1677 —
651 1651 721 1690 vel
753 1646 807 1688 σθ
840 1651 908 1690 vel
941 1666 965 1689 ι.
999 1650 1103 1700 Quis
1140 1651 1273 1699 igitur
1304 1654 1502 1700 praestat
1532 1662 1665 1692 sonos
1696 1669 1720 1704 η
1753 1657 1797 1694 et
1827 1671 1857 1694 ω
1890 1667 1945 1696 ex

122 1718 260 1767 ipsius
300 1720 454 1768 poetae
496 1728 569 1757 ore
601 1728 698 1757 esse
736 1719 971 1767 acceptos?
1004 1717 1118 1757 Olim
1150 1721 1269 1767 -ηι(σ)
1302 1720 1347 1757 et
1376 1721 1501 1767 -ει(σ),
1530 1724 1685 1770 -ησθον
1718 1723 1761 1761 et
1790 1727 1948 1773 -εσθον,

122 1799 264 1823 -ωνται
303 1787 348 1825 et
388 1799 522 1824 -ονται
562 1785 719 1824 iisdem
762 1786 925 1825 litteris
967 1786 1337 1834 depingebantur:
1378 1786 1506 1825 facile
1546 1788 1681 1836 igitur
1721 1790 1765 1828 in
1795 1790 1948 1830 Iliadis

123 1851 433 1900 Odysseaeque
474 1853 745 1902 exemplaria
776 1854 1016 1892 recentiore
1048 1853 1300 1892 litteratura
1330 1854 1573 1904 perscripta
1605 1866 1681 1895 eae
1713 1857 1947 1898 verborum

121 1918 303 1968 figurae,
331 1919 487 1967 quibus
511 1921 674 1968 posteri
701 1921 949 1969 utebantur,
969 1921 1157 1969 irrepere
1174 1923 1412 1969 potuerunt
1429 1930 1572 1960 errore
1590 1921 1947 1963 describentium.

121 1986 394 2027 Potuerunt?
419 1987 563 2026 Immo
589 1986 683 2026 fieri
712 1988 788 2026 vix
815 1989 985 2036 poterat
1012 1987 1114 2035 quin
1140 1988 1384 2036 irreperent
1407 1988 1451 2026 in
1481 1997 1556 2026 eos
1579 1997 1734 2027 versus
1762 1998 1945 2036 quorum

121 2055 319 2094 numeris
359 2065 446 2094 non
487 2057 752 2094 arcerentur.
791 2055 852 2094 Iis
883 2065 986 2094 vero
1019 2055 1138 2104 locis,
1172 2054 1242 2093 ubi
1277 2055 1442 2094 aoristo
1475 2055 1708 2103 sigmatieo
1742 2057 1948 2096 adiuncta

121 2123 189 2160 est
219 2121 436 2170 particula
466 2135 509 2160 κε
541 2120 636 2170 (ἄν),
666 2122 709 2160 in
737 2122 959 2161 codicibus
982 2124 1236 2160 constanter
1262 2123 1477 2171 scriptum
1506 2125 1573 2161 est
1599 2122 1642 2161 id
1666 2123 1778 2170 quod
1805 2125 1946 2172 poscit

121 2188 336 2238 analogia,
380 2199 449 2228 ex.
482 2199 566 2238 gn:
613 2188 658 2227 οἵ
689 2187 733 2227 κε’
772 2203 819 2238 με
861 2185 1118 2238 τιμήσουσιῆ,
1158 2188 1184 2227 ἦ
1215 2188 1276 2226 τίσ
1310 2203 1354 2227 κε
1385 2189 1626 2241 μερύσσεται
1659 2187 1728 2239 ἠδὲ
1762 2189 1947 2241 cathmi,

121 2264 197 2303 pro
237 2255 399 2295 futuris
439 2256 558 2295 enim
601 2257 818 2296 eiusmodi
858 2256 1024 2295 formae
1066 2258 1169 2295 sunt
1207 2256 1398 2296 habitae.
1430 2256 1578 2304 Neque
1609 2256 1709 2296 aliis
1742 2258 1943 2297 codicum

121 2321 229 2360 locis
261 2325 391 2367 -σει(σ)
422 2322 494 2361 vel
524 2333 660 2361 -σουσι
690 2333 839 2362 rarum
872 2325 938 2362 est
950 2320 982 2362 j.

239 2388 425 2437 Lapides
464 2391 613 2429 autem
656 2390 945 2429 dehortantur
987 2400 1040 2429 ne
1081 2390 1278 2438 syllabae
1309 2401 1436 2440 -σηισ,
1465 2401 1566 2440 -σηι,
1596 2401 1715 2429 -σωσι
1747 2393 1830 2431 cet.
1864 2392 1948 2431 dic-

121 2455 254 2494 tionis
286 2455 434 2505 epicae
473 2456 608 2496 fuisse
641 2458 875 2497 credantur
889 2454 921 2496 k.
954 2457 1064 2496 Nam
1099 2458 1142 2496 in
1176 2456 1328 2496 Cretae
1359 2457 1576 2505 lapidibus
1608 2458 1946 2512 antiquissimis,

119 2523 164 2561 in
204 2522 370 2562 tabulis
410 2523 795 2574 Heracleensibus,
837 2525 881 2563 in
928 2525 1098 2574 priscae
1145 2525 1304 2563 aetatis
1351 2524 1712 2573 inscriptionibus
1758 2526 1945 2566 dialecto

209 2728 228 2748 a
250 2717 418 2749 Primitus
440 2727 483 2749 ne
506 2719 542 2748 hi
566 2718 705 2757 quidem
730 2719 1014 2758 discrepuerunt,
1035 2719 1054 2757 ξ
1079 2720 1156 2749 254.
1394 2719 1409 2749 b
1435 2719 1453 2758 ἓ
1481 2721 1556 2750 108.
1781 2728 1797 2748 c
1821 2724 1847 2748 Υ
1872 2721 1948 2751 311.

253 2769 277 2800 d
296 2771 525 2801 vHerwerden
559 2772 641 2801 Rev.
677 2771 720 2801 de
750 2771 872 2809 philol.
907 2773 1006 2808 1882,
1030 2772 1173 2802 22—27.
1206 2769 1326 2802 Fidem
1360 2772 1444 2802 facit
1476 2781 1528 2802 ex.
1553 2780 1604 2810 gr.
1637 2782 1655 2801 σ
1680 2772 1762 2801 265:
1789 2773 1818 2801 εἴ
1838 2772 1889 2801 κέν
1912 2772 1942 2807 μ’

121 2822 222 2852 ἀνέσει
248 2826 338 2858 θεόσ,
361 2822 421 2852 ubi
443 2824 519 2861 ipsa
544 2824 655 2853 forma
678 2824 787 2853 futuri
812 2822 936 2854 vitiosa
959 2826 1012 2854 est
1036 2826 1070 2853 et
1092 2825 1127 2853 in
1150 2824 1235 2862 ἀνέηι
1260 2825 1458 2855 necessario
1481 2823 1660 2854 mutanda.
1820 2833 1836 2853 ε
1861 2822 1942 2854 Post

119 2875 307 2906 Homerum
337 2874 483 2906 vetitam
516 2876 624 2906 fuisse
653 2876 742 2905 hanc
774 2878 984 2906 structuram
1015 2876 1213 2906 constabat:
1240 2876 1298 2912 „biv
1321 2878 1462 2913 μέλλοντι
1490 2878 1525 2906 οὐ
1555 2875 1786 2905 συντάσσεται”
1812 2877 1942 2907 Α666ᾱ.

121 2927 227 2957 Bekk.
251 2929 313 2957 126
339 2937 390 2966 sq.
581 2928 604 2966 f
623 2930 657 2958 A
683 2929 757 2965 139,
782 2929 846 2958 523
875 2931 906 2958 Γ
927 2929 990 2958 138
1016 2931 1043 2958 Δ
1070 2929 1133 2958 176
1158 2932 1188 2958 Ζ
1213 2929 1277 2958 960
1306 2931 1332 2959 Θ
1356 2928 1421 2958 405
1447 2932 1466 2957 Ι
1490 2928 1551 2958 167
1578 2929 1615 2960 Ξ
1636 2928 1712 2966 239,
1736 2928 1800 2958 269
1829 2932 1852 2957 O
1876 2930 1940 2958 213

121 2982 150 3009 P
171 2980 234 3010 515
268 2985 296 3009 r
319 2981 382 3011 335
407 2980 444 3018 (l.
469 2989 497 3011 a.
522 2983 557 3010 X
580 2981 638 3019 42)
669 2984 704 3010 Χ
726 2982 780 3020 66,
806 2981 846 3012 70
881 2984 915 3010 Ψ
935 2981 999 3011 675
1031 2991 1050 3010 σ
1076 2982 1152 3011 265.
1177 2982 1243 3011 Pro
1268 2984 1367 3011 πείσει
1399 2985 1418 3010 Ι
1440 2981 1504 3010 386
1530 2982 1563 3010 et
1588 2983 1704 3017 νικήσει
1736 2985 1766 3009 Υ
1787 2982 1850 3010 102
1874 2981 1941 3017 leg.

121 3031 251 3070 -σει’(ε).
275 3032 374 3069 Quod
394 3036 421 3063 Ε
442 3034 506 3063 212
531 3031 661 3070 legitur
685 3035 844 3071 ἐσόψομαι
870 3033 990 3063 aoristi
1013 3035 1066 3063 est
1090 3033 1345 3071 subiunctivus,
1371 3033 1390 3071 ξ
1412 3029 1503 3062 152⁷.
1682 3043 1703 3072 y
1730 3031 1812 3070 Pag.
1838 3032 1941 3063 245b.

253 3083 273 3114 h
295 3087 330 3115 A
358 3086 430 3116 175.
565 3085 578 3115 i
603 3088 633 3115 1(
651 3087 704 3115 44.
874 3086 914 3115 In
934 3084 1057 3116 Iliadis
1070 3086 1186 3116 codice
1201 3086 1225 3116 C
1240 3086 1436 3123 frequentia
1450 3086 1540 3115 sunt.
1676 3085 1696 3114 k
1719 3085 1768 3116 W.
1781 3086 1937 3119 Schulze,

122 3135 238 3166 Herm.
262 3139 361 3175 1885,
384 3139 446 3169 491
472 3146 547 3176 sqq·
