2234 3443
305 181 390 219 ‘256
897 191 951 218 DE
983 190 1224 218 Nonimssus
1256 190 1541 219 VERBALIBUS.
1960 184 1998 228 [ἓ
2035 183 2116 221 129

302 304 428 352 suita,
470 304 515 341 in
553 303 822 342 carminibus
864 303 999 351 epicis
1030 302 1172 341 multa
1197 303 1486 351 reperiuntur,
1521 313 1590 343 ex.
1619 314 1680 351 gr.
1713 302 1916 354 ἀμύντωρ,
1944 302 2125 354 ἀφήτωρ,

299 370 464 422 ρίστωρ,
495 372 539 409 et
569 380 678 418 quae
706 371 877 419 propria
908 370 1025 409 facta
1060 371 1164 408 sunt
1194 370 1396 408 nomina:
1419 367 1583 419 Ἄκτωρ,
1606 367 1778 421 Ἕκτωρ,
1800 367 1990 420 Ὀνήτωρ,
2021 372 2121 410 alia.

301 437 448 476 Brevis
494 437 663 476 solebat
710 447 807 476 esse
852 447 986 475 sonus
1027 446 1049 475 ο
1082 436 1213 475 huius
1245 436 1403 485 suffixi,
1438 446 1506 476 ex.
1535 447 1599 485 gr.
1632 437 1758 488 δῶτορ
1790 436 1892 476 ἐάων
1906 436 1935 487 b,
1963 438 2122 486 longus

303 507 454 543 tamen
497 507 589 543 erat
621 505 664 542 in
697 504 886 543 flexione
908 504 1030 542 vocis
1061 502 1233 552 μήστωρ,
1265 514 1333 542 ex.
1367 513 1428 551 gr.
1462 503 1666 552 μήστωρεσ
1698 502 1864 543 &erasa
1896 505 1966 544 Sic
1992 504 2123 543 fiebat

300 572 516 610 transitus
543 572 596 610 ad
623 571 830 610 suffixum
860 572 1096 619 cognatum
1122 570 1212 620 -τήρ
1225 567 1258 619 d,
1289 571 1412 609 cuius
1438 570 1603 610 vocalis
1629 573 1812 610 accentu
1838 574 1991 611 ornata
2018 582 2121 611 nun-

300 648 434 685 quam
466 648 552 677 non
582 638 713 686 longa
743 638 839 677 fuit.

420 705 513 745 Hoc
559 705 780 754 suffixum,
830 705 952 744 cuius
999 705 1262 743 femininum
1305 706 1399 743 erat
1434 718 1572 754 -τειρα,
1607 707 1760 753 postea
1792 705 1905 743 vixit
1940 705 1985 743 in
2018 715 2122 744 voce

299 771 427 821 σωτήρ
461 775 504 811 et
535 774 579 811 in
611 773 989 811 instrumentorum
1021 771 1289 821 nominibus,
1323 782 1434 820 quae
1460 772 1574 811 haud
1599 772 1725 811 facile
1752 774 1994 820 mutantur,
2022 772 2123 820 quia.

295 840 569 887 propriorum
600 840 832 878 nominum
864 842 969 878 sunt
1000 839 1153 887 instar,
1174 849 1240 877 ex.
1260 849 1320 886 gr.
1347 838 1554 888 καλυπτήρ
1582 839 1758 888 imbrex,
1785 839 1963 888 κλωστήρ
1983 839 2121 888 fusus,

297 906 503 955 τροπωτὴρ
550 907 684 945 lorum
730 904 880 945 remie.
931 906 981 944 In
1026 906 1170 954 prisca
1212 916 1315 944 vero
1356 906 1507 954 lingua
1548 906 1688 945 multo
1730 906 1996 954 frequentior
2041 906 2122 945 fuit

299 974 428 1012 huius
471 974 619 1013 suffixi
660 984 790 1023 usus;
833 974 896 1012 sic
933 974 977 1012 in
1019 973 1288 1012 carminibus
1332 973 1466 1021 epicis
1505 976 1652 1012 arator
1691 974 1836 1012 dictus
1867 976 1934 1012 est
1965 971 2126 1022 ἀροτήρ,

296 1043 437 1080 orator
468 1039 604 1092 ρητήρ,
628 1043 774 1090 pastor
800 1039 922 1091 βοτήρ
947 1040 1065 1085 (fem.
1085 1039 1272 1090 βότειρα),
1295 1040 1525 1088 praedator
1550 1039 1728 1089 λκϊστήρ,
1749 1050 1904 1088 procus
1930 1039 2124 1089 μνηστήρ,

297 1109 383 1147 alia
409 1110 589 1147 nomina
615 1108 779 1147 similia
806 1109 850 1146 in
876 1107 1010 1145 Iliade
1038 1108 1168 1154 atque
1194 1107 1239 1145 in
1267 1106 1464 1155 Odyssea
1490 1109 1701 1155 usurpata
1728 1110 1833 1146 sunt
1859 1107 2041 1155 triginta
2064 1109 2119 1155 et,

294 1176 470 1214 notione
517 1175 760 1214 voluntatis
806 1176 935 1222 atque
983 1173 1154 1213 consilii
1201 1173 1254 1212 ad
1300 1183 1370 1212 res
1415 1174 1638 1212 inanimas
1679 1173 1919 1212 translata:
1963 1171 2123 1224 ἀορτήρ,

295 1242 460 1291 ζωστήρ,
491 1242 666 1292 κλιντήρ,
696 1241 861 1291 κρκτήρ,
891 1240 1088 1290 λαμπτήρ,
1118 1239 1297 1291 ῥαιστήρ,
1328 1238 1493 1291 ῥῦτήρῖ.

414 1310 552 1349 Multa
597 1310 881 1349 substantiva
922 1308 1129 1347 desinunt
1169 1309 1215 1347 in
1255 1320 1352 1358 -μοσ
1393 1308 1463 1347 vel
1505 1308 1688 1358 -θμόσ9;
1725 1319 1791 1347 ex.
1831 1319 1917 1356 gr.:
1957 1307 2126 1358 δασμόσ,

291 1376 460 1428 foliano,
488 1376 669 1424 κλισμόσ,
699 1374 875 1427 ἀρθμόσ,
903 1374 1130 1424 κλαυθμόσ,
1165 1372 1388 1425 ὀρχηθμόσ.

413 1445 575 1483 Suffixo
606 1438 698 1482 -τύσ
739 1445 894 1483 ornata
924 1445 1029 1482 sunt
1061 1443 1202 1482 multa
1235 1443 1422 1482 actionis
1454 1444 1636 1482 nomina
1671 1443 1896 1492 feminina,
1931 1453 1999 1482 ex.
2033 1453 2118 1491 gr.:

295 1506 509 1562 ἀγορκτῢσ,
549 1506 757 1561 ὀτρυντὺσ,
787 1505 1021 1562 ῥυστακτῢσ.
1054 1511 1103 1549 In
1135 1506 1236 1548 -θΰσ
1267 1511 1475 1549 desinunt
1507 1505 1607 1549 ἰθῢσ
1639 1512 1682 1549 et
1713 1504 1888 1559 πληθΰσ.
1922 1510 2003 1549 Sed
2035 1520 2121 1549 non

295 1579 380 1616 nisi
405 1580 555 1627 paucis
585 1578 695 1618 locis
727 1579 915 1618 certisve
946 1579 990 1616 in
1021 1577 1225 1617 formulis
1256 1579 1410 1625 poetae
1443 1578 1553 1626 epici
1584 1577 1838 1616 huiusmodi
1869 1577 2122 1616 nominibus

294 1648 399 1684 sunt
433 1647 501 1684 usi
516 1641 548 1694 ἢ,
583 1645 830 1685 abstractas
863 1645 980 1684 enim
1011 1645 1213 1684 notiones
1240 1654 1390 1683 eorum
1418 1645 1550 1684 dictio
1578 1655 1664 1684 non
1691 1644 1936 1694 appetebat.
1963 1645 2120 1684 Postea

293 1713 337 1751 in
378 1713 631 1752 nominibus
671 1713 966 1752 numeralibus
1007 1707 1176 1763 τριττῢσ,
1205 1708 1490 1762 πεντηκοστῢσ,
1521 1707 1746 1762 ἓκατοστΰσ,
1775 1706 2001 1762 χῑλιαστῦσῑ
2037 1712 2119 1751 hoc

293 1778 507 1819 suffixum
539 1782 608 1819 est
639 1777 908 1820 servatumj.

413 1846 578 1886 Suffixo
609 1849 711 1886 -ωλή
743 1848 838 1886 sive
874 1844 1012 1898 -copak
1043 1848 1199 1886 ornata
1230 1848 1334 1886 sunt
1365 1847 1546 1886 nomina
1577 1846 1769 1897 τερπωλιί,
1799 1845 1992 1896 φειδωλή,
2015 1860 2116 1884 παυ-

294 1916 414 1963 σωλή,
444 1915 650 1966 ρελπωριί,
680 1913 845 1964 ἀλεωρή.

412 1981 568 2021 Suffixi
613 1993 694 2020 -τισ
733 1992 868 2021 sonus
908 1996 927 2019 τ
958 1981 1002 2020 in
1035 1992 1057 2018 σ
1089 1982 1344 2020 constanter
1375 1981 1465 2020 fere
1499 1983 1567 2021 est
1597 1983 1810 2029 mutatus,
1843 1981 1918 2020 sed
1950 1980 2120 2028 integer

291 2050 535 2096 permansit
579 2051 679 2098 post
720 2060 763 2087 σε
812 2046 1013 2097 diurnam,
1056 2048 1321 2098 βούβρωστισ,
1370 2053 1547 2097 κνῆστισ,
1590 2045 1796 2097 μνῆστισῑ,
1835 2058 1915 2087 nec
1955 2049 2116 2087 nonin

294 2116 472 2155 vocibus
513 2121 643 2166 μῆτισ,
686 2115 860 2166 metuam,
910 2118 966 2164 et,
1015 2125 1125 2163 quae
1166 2125 1252 2154 non
1290 2116 1509 2155 actionem
1551 2116 1628 2155 sed
1667 2117 1867 2163 agentem
1899 2115 2116 2154 indicant:

292 2189 486 2234 χερνῆτισ,
515 2182 655 2233 λκῗτισ,
684 2181 850 2222 ἅκοιτισ.

382 2357 401 2375 ιι
426 2347 525 2385 Apud
549 2347 737 2376 Homerum
762 2354 828 2376 non
851 2347 945 2374 extat
965 2346 1074 2385 ῥήτωρ,
1101 2345 1161 2374 sed
1185 2346 1279 2385 ῥητήρ
1305 2349 1324 2375 1
1346 2345 1421 2375 443.
1567 2344 1583 2373 b
1608 2348 1633 2374 θ
1659 2345 1734 2375 335.
1870 2354 1886 2375 0
1911 2348 1937 2374 A
1964 2346 2027 2375 328
2053 2344 2113 2376 at:

293 2399 408 2428 brevis
431 2402 485 2428 est
507 2407 612 2429 sonus
635 2400 669 2428 in
692 2399 830 2428 nomine
851 2396 992 2436 proprio
1017 2400 1178 2438 ΛΙήσιορα
1201 2397 1233 2426 ,Ω
1258 2398 1336 2428 257.
1503 2396 1526 2426 d
1547 2396 1713 2427 Biformis
1736 2398 1771 2427 in
1797 2395 1940 2427 Homeri
1965 2397 2116 2428 dictione

292 2455 365 2480 erat
394 2452 562 2481 terminus
598 2452 774 2481 nominum
808 2451 914 2490 δώτωρ
949 2450 1021 2480 Sive
1058 2450 1156 2490 δωτήρ
1192 2448 1265 2479 Sive
1301 2451 1405 2490 δατήρ,
1429 2452 1576 2490 θηρήτωρ
1609 2451 1682 2479 Sive
1707 2454 1860 2491 θηρητὴρ,
1885 2452 2018 2490 ληΐστωρ
2043 2451 2115 2481 sive

291 2506 429 2544 ληῑσιήρ.
683 2513 698 2533 e
721 2502 877 2533 Ionicum
903 2504 1002 2532 sonat
1025 2511 1089 2532 vox
1113 2506 1236 2542 πλωτήρ
1261 2504 1371 2538 nauta,
1397 2502 1501 2532 Arist.
1525 2503 1616 2532 Eccl.
1645 2503 1727 2533 1087
1753 2505 1787 2532 et
1808 2503 1900 2541 apud
1924 2503 2116 2533 Platonem.

471 2557 492 2592 f
510 2557 565 2586 Sic
597 2559 630 2586 et
662 2555 845 2595 participia
877 2556 1010 2596 δράκων,
1040 2556 1144 2593 tirum,
1175 2556 1242 2585 alia
1271 2557 1305 2585 in
1337 2555 1555 2585 substantiva
1586 2556 1755 2592 abierunt,
1776 2556 1859 2585 item
1884 2556 1967 2585 artis
1990 2564 2114 2585 nomen

292 2612 476 2650 ὰαείβοντεσ
514 2613 543 2639 Ψ
579 2610 653 2639 712.
687 2609 763 2639 Alia
796 2609 900 2638 huius
936 2606 1153 2644 „animismi”
1188 2609 1222 2638 in
1254 2608 1349 2638 nulla
1380 2608 1497 2646 lingua
1528 2609 1596 2638 rari
1620 2608 1776 2647 exempla
1802 2610 1883 2637 sunt
1906 2609 2114 2648 ἂμφιφορεύσ.

293 2664 400 2700 ὀχεύσ,
431 2662 484 2691 vel
515 2661 607 2700 apud
638 2664 793 2699 posteros
823 2664 962 2698 mzyszia,
995 2663 1189 2698 ὑπαγωγεύσ,
1219 2665 1407 2699 λυχνοῦχοσ,
1438 2664 1602 2701 μετρητήσ,
1625 2661 1788 2700 διαβήτησ,
1810 2661 2022 2699 ὅρθοστάτησ.
2046 2661 2114 2691 Nos

293 2714 447 2752 -lrekker,
472 2713 615 2749 -Izouder,
641 2713 760 2749 hlalcev,
780 2713 971 2749 standaaul,
1000 2714 1066 2743 alia
1090 2712 1251 2751 plurima.
1394 2723 1415 2752 9
1443 2713 1460 2750 ξ
1486 2713 1527 2742 34
1553 2716 1587 2743 et
1612 2714 1666 2743 37.
1801 2711 1821 2741 Ιι
1845 2712 1993 2742 Aliunde
2017 2721 2114 2743 acce-

293 2768 394 2797 dunt:
420 2762 673 2806 κρεμβαὶιαστῦσ
697 2766 728 2795 h.
751 2768 813 2804 Ap.
841 2766 915 2801 162,
939 2761 1173 2804 ἀμπαντῦσ(-“
1190 2761 1386 2804 ὰναφαντῦσ)
1400 2764 1533 2803 adoptio
1553 2766 1588 2794 in
1608 2766 1684 2802 lege
1699 2765 1876 2802 Gortynia,
1889 2762 2113 2795 καταπλαστῦσ

294 2819 456 2848 Herodot.
479 2819 524 2848 IV
550 2819 602 2853 75,
629 2819 671 2848 al.
852 2817 863 2846 z'
900 2819 1075 2856 χέλληστυσ
1099 2817 1194 2847 Aeol.
1219 2818 1407 2848 276—278.
1533 2817 1555 2857 j
1579 2818 1750 2848 Suffixum
1774 2823 1866 2853 -συνη
1888 2816 1969 2846 inde
1989 2819 2115 2855 repetit

294 2871 439 2907 Vogrinz
462 2872 561 2901 Hom.
586 2871 736 2901 Gramm.
762 2871 824 2900 169
849 2870 975 2900 collata
999 2869 1114 2899 suffixi
1139 2882 1206 2900 -σισ
1231 2872 1340 2900 forma
1360 2870 1535 2908 primitiva
1558 2880 1634 2899 -τισ,
1803 2870 1823 2899 lc
1848 2870 2112 2900 Dissimilaiioni

294 2924 387 2960 (post
410 2922 439 2963 λ)
464 2923 611 2953 debetur
633 2931 738 2952 sonus
762 2934 789 2962 ρ.
1026 2922 1139 2960 lLeg.
1164 2928 1290 2959 μνῆσισ,
1313 2934 1328 2950 ν
1350 2923 1426 2951 280.
1450 2920 1564 2951 Etiam
1592 2930 1695 2951 voces
1719 2922 1811 2959 apud
1834 2922 2020 2952 Homerum
2047 2933 2112 2953 non

293 2976 455 3004 iuventae
487 2979 594 3005 niano
626 2978 660 3005 et
689 2978 803 3005 πύστισ
837 2983 957 3004 sonum
991 2986 1008 3003 σ
1039 2978 1229 3005 servarunt.
1257 2973 1355 3004 Vocis
1378 2978 1486 3004 niano
1511 2974 1708 3012 exemplum
1733 2973 2008 3005 vetustissimum
2033 2971 2110 3012 (sed

294 3027 328 3055 in
354 3036 455 3056 versu
481 3027 658 3065 corrupto)
685 3034 737 3057 est
764 3028 844 3056 Hes.
865 3026 966 3064 Oper.
991 3027 1054 3055 372
1080 3031 1202 3055 niowo
1228 3027 1259 3055 δ’
1287 3023 1346 3066 ἄρα
1370 3027 1456 3062 ὁμῶσ
1477 3027 1526 3055 καὶ
1547 3027 1689 3055 ἀπιστίαι
1702 3026 1818 3055 ὤλεσαν
1837 3026 1966 3064 ἄνδρασ.
1983 3025 2113 3054 Recen-

292 3078 390 3108 tioris
425 3081 500 3109 aevi
535 3084 614 3109 sunt
645 3081 785 3119 ἅθι-ρσισ
819 3079 982 3115 Bacchyl.
1015 3078 1094 3108 XIII
1127 3080 1180 3115 60,
1212 3080 1393 3119 ὀλόφυρσισ,
1416 3077 1561 3113 similia;
1587 3086 1676 3115 quae
1700 3080 1778 3116 post
1801 3079 1879 3107 sunt
1903 3080 1983 3106 nata
2008 3085 2110 3114 quam

294 3132 451 3169 analogia
473 3132 585 3161 effecit
609 3136 647 3161 ut
671 3133 829 3161 :infixum
855 3143 933 3168 -σισ,
959 3140 1023 3161 nou
1048 3142 1113 3160 -no
1138 3140 1213 3161 esse
1237 3132 1423 3161 videretur.
1647 3141 1673 3159 m
1698 3131 1764 3161 Sed
1789 3131 1982 3168 composita
2006 3128 2111 3159 huius
