2234 3443
190 170 244 208 78
718 179 772 207 DE
806 178 1045 208 VOCALIBUS
1076 178 1127 205 ΕΤ
1159 177 1470 206 DIPHTHONGIS.
1872 171 1913 214 [ἓ
1949 169 2000 207 13

187 291 406 341 &eadgarum
446 303 549 332 nam
590 296 764 341 poetam
809 292 1006 331 vocalem
1047 305 1087 330 -0
1128 291 1310 330 elisione
1357 292 1567 340 supprimi
1612 292 1806 331 voluisse
1846 292 2003 331 docent

185 360 331 399 hiatus
356 362 398 399 et
422 360 579 409 longus
601 359 801 399 vocabuli
827 355 988 407 ἄριστον
1015 369 1150 398 sonus
1176 358 1376 397 initialis.
1403 359 1554 398 Eidem
1583 369 1740 398 causae
1767 359 1998 398 debentur:

186 425 381 465 ἐτάνυσσα
431 426 587 477 ἱμάντα,
630 427 743 475 quod
794 422 974 464 e’tozvvw'
1022 429 1091 465 est
1131 425 1437 474 proferendum
1451 422 1480 474 b,
1520 424 1641 473 τέξεισ
1682 425 1834 473 (τέξεαι)
1875 424 2003 477 ἀγλαὰ

184 492 314 542 τέκνα,
340 492 422 534 ἐπεὶ
449 493 522 532 οὐκ
548 493 775 542 ἀποφώλιοι
800 491 914 531 εὐναὶ
943 490 947 544 Ι
977 491 1210 540 ἀθανάτων,
1237 493 1281 530 in
1310 503 1393 540 quo
1421 503 1550 532 Versu
1578 503 1664 532 non
1697 493 2002 532 confluxerunt

187 571 314 600 voces
354 560 435 599 ἐπεὶ
478 560 590 609 οὐκσ,
633 561 707 600 sed
749 561 868 599 vocis
907 559 1023 598 τέκνα
1063 561 1192 608 alpha
1232 559 1361 598 finale
1403 560 1503 598 elidi
1546 561 1685 599 voluit
1724 558 1897 609 poetad,
1934 555 2000 598 ἶσα

186 626 331 677 ὄρεσσι,
368 629 491 667 cuius
533 628 738 667 adiectivi
779 628 904 666 elisio
935 637 1021 666 non
1053 627 1202 674 agnita
1233 626 1378 666 effecit
1409 630 1456 666 ut
1489 628 1769 666 mutilaretur
1801 628 2002 666 substan-

183 697 342 743 tivum,
375 706 477 734 nam
510 696 717 743 primitus
749 695 831 733 fuit
861 706 1084 741 ισαορεεσσι
1115 695 1210 733 sive
1238 690 1321 747 fio'
1358 691 1547 743 ὀρέεσσιε.

301 763 422 801 Idem
464 762 580 801 cadit
618 763 661 800 in
705 762 863 800 vitium
906 762 1046 800 tribus
1079 762 1301 810 Odysseae
1342 761 1450 800 locis
1482 762 1683 802 obvium:
1716 761 1784 800 ἴνα
1815 776 1883 811 μιν
1913 760 2003 812 περὶ

185 827 335 878 πατρὸσ
374 827 656 878 ἀποιχομένοιο
692 828 817 878 ἔροιτο
849 829 945 873 (bis)
977 830 1042 867 et:
1076 827 1201 866 ἐθέλω
1233 840 1275 867 σε
1306 827 1465 876 φέριστε
1495 828 1584 878 περὶ
1615 828 1762 875 ξείνοιο
1795 826 2000 874 ἕρεσθαιΐ.

189 896 268 934 Ubi
313 898 481 935 certum
528 896 688 935 erroris
732 896 944 934 indicium
991 896 1121 934 habet
1163 896 1311 934 hiatus
1351 897 1466 934 inter
1506 906 1639 935 sonos
1681 910 1721 933 —o
1762 898 1806 935 et
1847 894 1881 933 ἐ-
1915 905 1999 935 non

186 962 397 1011 expletus,
444 965 615 1002 certum
662 965 812 1001 autem
868 963 1112 1002 remedium
1160 963 1339 1011 praebet
1389 963 1501 1001 alius
1548 964 1745 1002 eiusdem
1795 964 2004 1002 carminis

189 1040 339 1069 versus
378 1032 423 1069 in
465 1040 595 1069 voces
634 1027 696 1080 ἠδ’
740 1029 922 1081 ἐρέεσθαι
955 1039 1238 1069 excurrensffl.
1274 1031 1510 1069 Scribenda
1540 1031 1676 1079 igitur
1709 1032 1812 1069 sunt
1843 1029 2004 1080 ἀποιχο-

186 1093 300 1135 ιιέυοί
345 1095 491 1145 ε’ρέοιτο
524 1100 567 1136 et
598 1094 727 1144 ξείυοί
764 1096 958 1147 ἐρέεσθαι.
995 1098 1245 1137 Pervetusti
1276 1100 1426 1136 autem
1458 1098 1502 1136 hi
1536 1107 1705 1136 errores
1737 1100 1863 1145 sunt;
1897 1107 2000 1136 nam

186 1166 313 1213 prisci
344 1165 621 1213 grammatici
653 1166 690 1204 si
719 1179 801 1203 -οιο
832 1163 978 1213 ἐρέοιτο
1011 1168 1055 1203 et
1087 1163 1271 1214 ἐρέεσθαι
1298 1165 1342 1202 in
1368 1164 1490 1203 libris
1517 1165 1798 1203 invenissent
1823 1165 2000 1213 scripta,

184 1233 295 1271 haud
322 1233 445 1271 taciti
470 1233 549 1270 hos
579 1243 731 1271 versus
762 1232 1050 1280 dimisissent,
1083 1233 1160 1270 sed
1191 1246 1259 1270 -0v
1292 1230 1438 1279 ἐρέοιτο
1471 1233 1514 1270 et
1545 1246 1614 1269 -ov
1648 1230 1829 1279 ἐρέεσθαι
1853 1232 2004 1270 iussis·

182 1303 281 1339 sent
326 1300 469 1348 scribi,
518 1301 723 1347 quoniam
771 1300 958 1348 genitivi
995 1301 1214 1338 terminus
1254 1313 1334 1336 -οιο
1378 1299 1420 1337 in
1461 1314 1530 1336 -ου
1573 1300 1627 1337 iis
1671 1321 1723 1327 —
1763 1302 1811 1338 ut
1848 1299 2002 1338 multis

181 1367 368 1406 saeculis
398 1369 498 1415 post
529 1366 771 1406 Godofredo
804 1367 1058 1406 Hermanno
1093 1389 1144 1394 —
1173 1367 1415 1405 mutandus
1441 1366 1671 1405 videbatur
1697 1367 1844 1414 potius
1871 1376 2002 1413 quam

182 1435 361 1473 elisione
392 1435 685 1473 decurtandus
698 1431 731 1473 b.

299 1501 443 1540 Etiam
487 1501 632 1539 verbis
671 1500 766 1539 κενὰ
805 1498 982 1552 εὔγματα
1019 1500 1167 1539 εἰπώνὶ
1198 1511 1248 1540 ea
1279 1511 1390 1548 quae
1421 1501 1538 1539 dicta
1574 1503 1642 1540 est
1674 1511 1808 1540 causa
1841 1501 1998 1539 vitium

181 1568 343 1616 intulit,
387 1570 528 1607 metro
571 1571 615 1607 et
656 1568 806 1617 lingua
844 1569 967 1617 epica
1006 1567 1198 1608 invitisj.
1234 1568 1341 1617 Quid
1373 1570 1489 1607 esset
1520 1568 1801 1607 scribendum
1834 1568 1998 1606 dudum

182 1637 414 1675 senserant
458 1636 620 1674 critici:
667 1645 766 1675 ecce
812 1637 941 1675 lectio
988 1637 1160 1675 sincera
1206 1637 1387 1675 inventa
1434 1638 1502 1674 est
1548 1637 1591 1675 in
1640 1636 1807 1684 optimo
1854 1635 2000 1674 codice

183 1704 428 1743 accuratius
460 1703 708 1751 explorato:
741 1701 857 1741 κενεὰ
887 1701 1062 1755 εὔγματα
1096 1705 1190 1742 sive
1221 1700 1325 1742 κενε”
1364 1701 1550 1752 εὔγματα.

298 1771 430 1809 Plura
470 1780 580 1817 quae
621 1771 750 1809 huius
790 1774 893 1810 sunt
933 1772 1104 1819 generis
1147 1773 1332 1819 possunt
1371 1767 1571 1817 afferrik;
1616 1770 1692 1808 sed
1730 1770 2002 1808 redeundum

182 1840 250 1877 est
286 1838 391 1876 illuc
431 1838 544 1876 unde
586 1838 770 1886 digressi
811 1849 980 1878 sumus.
1022 1839 1117 1877 Iota
1158 1839 1294 1877 dativi
1326 1837 1456 1876 finale
1486 1838 1531 1875 in
1565 1837 1835 1876 carminibus
1867 1837 2003 1886 epicis

181 1916 310 1954 saepe
351 1908 420 1944 est
451 1904 623 1954 elisum,
655 1904 697 1942 ἐκ
727 1905 908 1955 πλήρουσ
940 1908 1090 1944 autem
1123 1906 1339 1945 eiusmodi
1370 1905 1477 1944 locis
1508 1904 1614 1943 olim
1648 1905 1729 1943 fuit
1763 1904 2000 1952 scriptum:

182 1982 282 2021 ergo
313 1974 514 2011 nostrum
548 1974 616 2011 est
646 1975 842 2012 statuere
873 1976 1023 2012 utrum
1055 1975 1184 2021 poeta
1213 1973 1375 2011 dixerit
1404 1971 1504 2022 ἔγχει
1538 1975 1700 2021 Ἀχαιῶν
1734 1981 1788 2009 an
1822 1967 2005 2022 ἔγχε’(ῖΗ,

180 2038 292 2090 κέραι
336 2037 456 2090 ἀγλαὲ
504 2049 558 2077 an
600 2036 813 2089 κέρα’(τ)7η.
853 2041 1007 2088 Itaque
1047 2040 1308 2079 Buttmanni
1349 2039 1521 2078 verbis:
1568 2039 1635 2087 „ei
1676 2039 1749 2086 qui
1780 2035 1892 2089 γήρα’
1927 2048 2003 2086 pro

181 2106 299 2157 γήραι
339 2107 536 2145 scribatn
576 2106 710 2145 etiam
753 2103 856 2145 σάκε’
904 2110 948 2146 et
988 2103 1092 2156 τείχε’
1129 2116 1205 2155 pro
1238 2107 1349 2144 σάκει
1381 2108 1425 2145 et
1456 2105 1568 2156 τείχει
1601 2105 1834 2144 scribenda
1861 2105 2003 2154 esse'',

182 2183 290 2222 quae
331 2173 392 2212 La
433 2173 578 2212 Roche
620 2183 670 2212 eo
714 2174 896 2213 consilio
928 2174 1034 2213 olim
1071 2174 1222 2212 attulit
1254 2176 1303 2212 ut
1333 2173 1555 2212 evinceret
1585 2173 1700 2211 haud
1731 2173 2003 2221 probandum

183 2251 279 2280 esse
309 2237 476 2292 γήρα’(ϊ)
520 2241 589 2280 vel
630 2237 787 2288 κέρα’(τ)
829 2241 987 2281 elisum
1003 2249 1034 2290 0,
1079 2243 1141 2280 ita
1181 2242 1327 2290 potius
1365 2243 1541 2279 utemur
1572 2243 1621 2279 ut
1653 2244 1696 2279 et
1726 2240 1805 2278 has
1837 2240 2004 2279 formas

182 2308 323 2356 poetis
375 2309 510 2357 epicis
557 2308 832 2347 vindicemus
878 2311 922 2348 et
970 2309 1116 2348 illaSP.
1164 2309 1217 2347 Et
1262 2307 1486 2347 nonnullis
1530 2311 1646 2347 certe
1683 2308 1791 2346 locis
1833 2310 2004 2346 veteres

183 2376 395 2415 habemus
427 2378 730 2424 praeeuntesq.

269 2558 290 2578 a
313 2548 393 2585 Pag.
414 2549 455 2577 44
469 2556 520 2585 sq.
654 2546 670 2575 b
696 2555 724 2582 ψ
746 2548 819 2577 201.
955 2556 972 2577 0
995 2546 1014 2585 ἓ
1036 2548 1066 2577 8.
1202 2545 1226 2576 d
1244 2550 1260 2576 λ
1282 2547 1356 2576 249.
1375 2546 1414 2576 In
1436 2555 1504 2576 uno
1524 2548 1619 2576 certe
1637 2546 1754 2576 codice
1769 2547 1935 2583 scriptum
1949 2548 2002 2575 eet

178 2600 270 2637 τέκν’,
291 2600 439 2630 fortasse
462 2600 496 2628 in
520 2599 693 2637 pluribus.
857 2609 874 2629 e
896 2612 914 2636 y
937 2600 1013 2629 290.
1037 2597 1194 2630 Correxit
1217 2599 1382 2636 Bentley:
1405 2599 1439 2628 in
1464 2598 1605 2629 schedis
1631 2599 1771 2629 delituit
1795 2598 2002 2629 emendatio.

181 2654 267 2683 Toto
297 2653 438 2683 saeculo
468 2650 660 2689 interlapso
691 2652 724 2680 in
755 2659 819 2680 sua
850 2651 1000 2681 editione
1032 2650 1067 2681 id
1098 2653 1241 2690 scripsit
1271 2650 1415 2689 Knight:
1452 2660 1553 2681 nemo
1585 2660 1702 2681 aurem
1726 2651 1896 2689 praebuit.
1921 2652 2004 2681 Post

180 2706 324 2735 alterius
346 2704 477 2735 saeculi
498 2707 632 2743 partem
657 2704 834 2734 dimidiam
861 2706 984 2734 tertius
1009 2706 1055 2734 ita
1079 2706 1184 2735 scribi
1208 2704 1312 2735 iusi—it
1335 2705 1578 2734 vHerwerden.
1745 2704 1769 2742 f
1785 2716 1805 2734 α
1831 2705 1892 2734 135
1917 2716 1935 2741 γ
1960 2704 2000 2733 77

181 2772 200 2788 α
225 2760 300 2788 405.
429 2769 451 2797 y
475 2760 491 2793 ζ
514 2759 588 2787 298.
735 2757 755 2785 Ιι
780 2756 860 2795 Pag.
886 2759 926 2787 66
955 2761 986 2787 *t
1011 2758 1029 2795 ξ
1057 2759 1109 2787 59.
1258 2758 1269 2787 ι’
1294 2770 1316 2797 χ
1342 2759 1417 2788 249.
1544 2757 1566 2797 j
1591 2760 1605 2790 ξ
1633 2758 1685 2787 38.
1821 2756 1842 2786 k
1866 2757 1926 2786 Ex.
1950 2765 2002 2794 gr.

181 2812 444 2851 δαινυταιευφρων
467 2811 539 2840 sive
564 2810 680 2840 δαίνυί
708 2810 826 2849 ἐΰφρων
854 2814 877 2839 Ο
902 2811 953 2839 99.
977 2811 1201 2840 Scencorum
1222 2811 1316 2840 locos
1335 2811 1518 2841 nonnullos
1539 2811 1660 2840 eadem
1682 2819 1786 2840 causa
1798 2811 2005 2848 depravatos

181 2865 295 2901 tetigit
319 2864 427 2894 Cobet
450 2864 587 2893 N.Lect.
615 2864 688 2892 192.
837 2862 850 2891 l
872 2865 906 2891 H
931 2864 1007 2892 289.
1150 2874 1177 2893 m
1208 2867 1236 2893 A
1263 2865 1338 2893 385.
1473 2874 1493 2893 n
1520 2867 1535 2893 λ
1563 2865 1625 2893 136
1651 2871 1678 2900 ψ
1703 2864 1777 2892 283.
1909 2871 1927 2892 o
1951 2862 1999 2891 La

181 2917 294 2946 Roche
314 2917 505 2946 Textkritik
527 2917 602 2951 297,
623 2916 778 2945 Bekkero
793 2916 910 2952 (Hom.
930 2915 1063 2946 Blatter
1077 2917 1133 2953 43)
1147 2926 1325 2947 assensus.
1468 2928 1490 2956 p
1513 2917 1568 2946 Sic
1589 2915 1843 2952 Barnee‚W01f,
1862 2915 2002 2952 Knight,

182 2970 302 3005 Boehl,
338 2967 431 3005 Fick‚
466 2969 617 2998 Menrad.
655 2970 718 2998 Pro
745 2969 831 3009 ’Λρει
862 2969 936 2998 sive
964 2968 1056 3008 ’Λρηι
1092 2972 1126 2998 Φ
1160 2972 1232 3003 112,
1263 2972 1337 3004 431,
1370 2969 1389 3008 ξ
1420 2971 1460 2999 ’73
1492 2957 1559 3007 leg..
1579 2969 1713 3007 ’Ἄρη’(ϊ)
1737 2968 1779 2997 ad
1803 2968 1999 3006 exemplum

183 3020 289 3056 dativi
311 3022 480 3059 Ὀδυσῆ’(ϊ)
507 3022 642 3051 duobus
667 3022 753 3051 locis
776 3020 908 3058 traditi,
932 3030 1012 3059 pag.
1040 3023 1080 3051 76
1097 3023 1119 3058 s,
1145 3032 1206 3060 pro
1233 3027 1344 3052 Πυθοῖ
1364 3028 1387 3051 θ
1412 3025 1451 3052 80
1472 3023 1527 3059 leg
1564 3022 1730 3059 Πυ-9ό’(ϊ).
1876 3030 1895 3060 q
1916 3020 2001 3049 H95

183 3073 204 3104 l.
226 3083 255 3104 a.
286 3074 384 3108 νείκε’,
415 3075 507 3111 quod
539 3073 573 3103 in
607 3073 739 3103 scholio
771 3074 859 3103 maie
887 3075 1088 3112 suppletum
1126 3077 1179 3104 est
1210 3082 1304 3104 νείκεε
1336 3075 1436 3112 culpa
1459 3075 1698 3111 librai·iorum;
1727 3076 1760 3103 Ψ
1781 3074 1819 3102 81
1845 3073 1936 3111 τειχέ
1963 3073 2000 3111 L,

184 3139 200 3156 κ
227 3127 288 3157 170
313 3127 392 3165 'yle‘
420 3127 451 3163 k,
475 3139 492 3164 γ
517 3128 578 3156 245
605 3127 677 3164 γένε’
705 3135 833 3161 omnes,
860 3129 889 3156 K
915 3128 978 3156 848
1003 3128 1090 3164 ἔγχεΐ
1112 3134 1167 3165 (Ξ
1182 3125 1279 3166 ἔγχε’)
1303 3128 1460 3156 ἐπαΐσσων
1489 3129 1522 3156 A.
