2234 3443
1055 106 1069 123 Χ

171 160 196 205 5
224 159 325 204 315]
820 165 875 194 DE
906 163 1335 194 PRAEPos1T10N1BUs.
1897 151 1981 190 377

526 276 623 316 ἀλλὰ
651 277 754 328 πρὸσ
785 271 927 329 ’Τρῶασ
958 274 1213 327 τετραμμένοι
1242 273 1330 314 αἰὲν
1361 273 1543 314 &niceana

172 344 311 384 multo
328 345 561 385 alacriores
576 345 686 385 fiunt
702 355 802 385 cum
825 345 1059 394 profertur:
1079 342 1176 381 ἀλλὰ
1192 341 1283 381 ποτὶ
1304 342 1445 392 Τρῶασ
1457 339 1486 392 b,
1504 342 1653 381 vitiosi
1670 343 1815 381 autem
1830 351 1986 380 versus

527 409 710 463 ὀχθήσασ
742 409 776 450 δ’
813 408 870 462 ἄρ’
906 410 1035 464 ἔρειπε
1067 409 1169 460 πρὸσ
1198 410 1304 462 (pov
1336 409 1584 461 μεγαλήτορα
1614 409 1751 459 θυμόν

172 488 273 527 pars
304 479 516 527 posterior
545 480 590 519 in
623 489 695 519 ore
727 480 879 528 poetae
903 479 1011 518 haec
1034 478 1208 517 videtur
1238 477 1398 516 fuisse:
1427 476 1517 515 ποτὶ
1548 491 1631 528 μεγ.
1659 476 1795 527 θυμόν
1808 484 1836 526 0,
1868 478 1911 515 et
1940 476 1984 514 in

173 546 255 585 hac
285 546 503 586 clausula:

525 612 652 665 fs‘nsoe
683 611 896 662 πτερόεντα
926 608 1176 662 προσκύόαᾶ

172 682 300 729 poeta
339 681 512 719 videtur
552 681 720 719 dixisse
761 679 959 728 ποτκύδα,
999 680 1064 718 sic
1095 679 1212 717 enim
1246 677 1413 717 vitabat
1444 678 1762 726 correptionem
1794 677 1990 726 syllabae

169 749 273 786 ante
299 749 466 787 mutam
500 758 599 787 cum
626 748 790 796 liquida
817 747 1054 786 collocatae
1067 753 1096 786 θ.
1125 746 1245 795 Quod
1277 749 1427 785 autem
1459 745 1813 794 monosyllabum
1845 740 1992 793 ποτ’(ὢ,

170 828 264 852 ποτ-
302 815 346 854 in
378 817 504 854 textu
535 815 697 854 tradito
729 824 813 853 non
847 816 983 863 extat,
1019 814 1119 852 huic
1151 814 1212 852 rei
1244 814 1352 852 nibil
1385 813 1549 852 tribuet
1581 814 1653 861 qui
1684 823 1835 852 secum
1866 822 1987 861 repu-

170 882 331 921 taverit
376 881 707 930 monosyllabas
756 881 1134 930 praepositionum
1187 880 1352 919 formas
1398 879 1492 928 πάρ,
1540 880 1624 926 neit,
1669 880 1842 919 similes
1888 881 1988 918 ante

173 948 347 988 vocales
389 949 564 998 elisione,
607 950 708 987 ante
751 958 966 987 consonas
1007 958 1182 996 apocope
1222 948 1484 986 imminutas
1525 948 1655 996 vulgo
1688 958 1784 986 esse
1816 944 1986 1000 visasf,

172 1016 216 1054 in
242 1016 396 1054 Dorica
422 1018 570 1055 autem
599 1015 859 1062 Aeolicaque
887 1016 1006 1063 poesi
1034 1015 1387 1063 monosyllabum
1413 1014 1488 1052 πότ
1505 1030 1559 1045 =
1577 1014 1679 1064 πρόσ
1700 1015 1815 1053 haud
1840 1024 1989 1053 rarum

173 1083 355 1123 fuissey.
387 1084 508 1122 Inter
539 1082 657 1132 προτί
686 1084 729 1121 et
759 1082 853 1120 ποτί
882 1083 1051 1121 codices
1084 1083 1249 1131 passim
1282 1079 1499 1121 varianth.

294 1151 504 1190 Primitus
544 1151 628 1189 fuit
668 1150 767 1199 πρότ
808 1151 902 1189 sive
943 1147 1042 1199 πρτί
1074 1153 1117 1188 et
1148 1150 1324 1189 locativi
1357 1150 1481 1198 signo
1515 1146 1719 1188 adiectoj
1754 1148 1871 1199 προτί
1899 1149 1992 1188 sive

174 1215 333 1266 πορτίὲ,
376 1228 512 1257 sonus
544 1220 693 1256 autem
725 1233 738 1255 ι
771 1228 870 1256 cum
903 1218 1124 1257 effecisset
1155 1220 1204 1256 ut
1236 1227 1428 1256 consona
1457 1232 1475 1254 τ
1507 1218 1552 1255 in
1583 1228 1605 1254 σ
1636 1217 1787 1265 abiret,
1822 1227 1844 1255 e
1874 1215 1996 1264 προσί

175 1288 328 1324 natum
376 1287 443 1324 est
483 1285 597 1335 πρόσ.
643 1285 781 1324 Dores
823 1295 926 1323 vero
969 1288 1013 1324 et
1054 1285 1212 1324 Aeoles
1251 1285 1417 1323 omisso
1458 1294 1564 1323 sono
1595 1284 1756 1332 liquido
1787 1284 1993 1322 dixerunt

175 1353 278 1401 ποτί,
316 1351 403 1402 πότ,
442 1352 525 1402 ποί,
565 1353 758 1392 Arcades
800 1355 843 1391 et
886 1352 1032 1401 Cyprii
1069 1352 1157 1390 πόσ.
1200 1352 1338 1390 Prisci
1371 1354 1519 1390 autem
1552 1353 1703 1400 poetae
1733 1351 1866 1399 quid?
1897 1350 1990 1389 Non

176 1418 272 1458 sola
301 1419 443 1458 forma
473 1417 600 1467 πρότῖ
628 1421 723 1459 sive
754 1420 871 1469 προτί
901 1430 1005 1459 usos
1043 1429 1139 1458 esse
1178 1420 1306 1458 modo
1339 1420 1553 1468 apparuit,
1586 1428 1671 1458 non
1704 1418 1811 1457 solis
1842 1418 1996 1458 formis

174 1496 283 1525 sono
328 1501 350 1535 ρ
397 1486 647 1526 carentibus
690 1487 794 1535 ποτί,
838 1486 925 1535 πότ,
969 1501 1063 1525 ποτ-
1115 1497 1218 1526 usos
1263 1487 1420 1525 docent
1476 1486 1813 1535 praepositionis
1859 1488 1992 1534 origo,

176 1554 356 1593 innatus
397 1554 514 1593 enim
552 1557 645 1593 erat
677 1565 813 1594 sonus
844 1569 879 1604 ρ,
911 1556 954 1594 et
986 1565 1058 1594 ars
1089 1555 1296 1602 metrica;
1330 1564 1431 1593 nam
1465 1555 1509 1592 in
1542 1553 1686 1592 verbis
1717 1554 1786 1591 καί
1814 1567 1860 1602 με
1891 1551 1994 1601 πρὸσ

178 1624 314 1669 μῦθον
344 1619 513 1673 &panem
538 1621 630 1660 vel:
664 1619 760 1660 οὐδὲ
791 1621 1213 1672 προτιμυθήσασθαιν·
1239 1631 1374 1661 sonus
1400 1635 1416 1659 ε
1442 1623 1566 1660 muta
1592 1620 1686 1660 sola
1710 1620 1849 1660 fultus
1875 1621 1993 1659 arsin

176 1687 352 1737 explere
383 1698 469 1727 non
501 1688 642 1737 potuit
655 1695 686 1728 0.

295 1754 506 1795 Cohaeret
535 1755 759 1806 πρόσθε(ν).
790 1757 878 1796 Nec
909 1766 996 1795 non
1029 1757 1216 1805 cognata
1245 1757 1313 1794 est
1344 1756 1608 1805 praepositio
1640 1755 1729 1806 πρό.

297 1879 340 1922 2.
370 1881 638 1931 Praepositio
680 1878 763 1923 ὑπό
806 1893 1112 1930 nonnusquam
1152 1882 1277 1931 signo
1318 1881 1496 1920 locativi
1538 1890 1584 1921 tl)
1625 1882 1779 1920 ornata
1809 1881 1853 1919 in
1886 1876 1994 1921 ὑπαί

178 1947 285 1987 abiit
297 1955 329 1988 9.
371 1949 492 1989 Nova
531 1952 681 1990 autem
713 1951 882 1990 adiecta
913 1950 1082 1998 syllaba
1114 1950 1215 1989 hinc
1245 1950 1411 1989 factum
1452 1951 1520 1988 est
1551 1948 1807 1988 adverbium
1838 1947 1996 1986 ὕπαιθα

177 2016 357 2056 subterr.

297 2084 474 2124 Praeter
504 2087 749 2135 composita
778 2085 968 2133 plurima
1000 2084 1204 2124 cohaeret
1234 2084 1317 2123 adi.
1351 2082 1506 2121 ὕπτιοσ.

300 2208 342 2252 3.
374 2211 644 2260 Praepositio
684 2209 811 2265 παρὰ
850 2212 958 2251 item
1000 2212 1126 2260 signo
1167 2210 1346 2250 locativi
1387 2211 1516 2249 aucta
1557 2210 1626 2248 hic
1663 2209 1753 2249 illic
1783 2209 1898 2248 facta
1931 2210 1998 2247 est

182 2275 370 2331 παραίδ,
400 2278 534 2317 etiam
566 2279 609 2318 in
642 2279 899 2328 compositis
914 2279 940 2318 ί.

271 2444 292 2464 a
322 2437 345 2464 E
367 2434 445 2464 605.
589 2432 605 2462 b
630 2431 712 2471 Pag.
737 2434 779 2463 98
792 2432 814 2468 i,
841 2431 871 2462 k.
1017 2441 1034 2462 o
1055 2434 1084 2461 A
1109 2433 1173 2462 403
1198 2432 1242 2461 al.
1386 2430 1409 2461 d
1433 2433 1467 2461 A
1492 2432 1554 2461 201
1582 2430 1626 2460 al.
1772 2439 1789 2459 e
1810 2429 1893 2466 Pag.
1920 2429 1962 2458 98
1976 2427 1998 2457 ι’.

184 2485 241 2517 Sic
264 2487 407 2517 Usener.
610 2484 676 2526 f§
702 2486 754 2515 10.
960 2495 981 2524 q
1005 2485 1065 2515 Ex.
1090 2493 1140 2522 gr.
1166 2485 1311 2515 Theocr.
1335 2484 1371 2514 11
1395 2485 1448 2520 31,
1475 2484 1539 2514 147
1575 2483 1619 2513 al.
1828 2481 1848 2511 h
1872 2483 1901 2511 K
1924 2481 1999 2517 108,

187 2540 251 2570 336
286 2541 329 2568 Μ
351 2539 415 2569 273
451 2543 477 2568 Υ
498 2539 562 2568 420
596 2551 618 2574 μ
645 2540 698 2575 59,
734 2538 798 2568 255
830 2537 919 2574 (ποτέ
952 2540 1064 2567 metro
1093 2537 1217 2575 invito)
1248 2549 1271 2567 ω
1298 2538 1361 2567 347
1394 2535 1502 2578 (προτί
1525 2539 1636 2567 metro
1661 2535 1785 2573 invito)
1809 2535 1868 2572 al.;
1894 2532 1998 2564 etiam

186 2601 217 2622 v.
241 2592 263 2622 l.
296 2591 326 2621 δ’
362 2592 441 2621 ὅπου
472 2590 551 2629 ηὔδα
581 2599 644 2630 pro
675 2591 709 2620 δὲ
740 2590 904 2630 προσηύδα
934 2594 957 2619 Ο
973 2591 1050 2626 114,
1074 2591 1138 2620 398
1170 2602 1186 2619 v
1210 2591 1274 2620 199
1305 2589 1374 2620 huc
1397 2590 1494 2626 iacit,
1515 2589 1668 2628 pellucet
1692 2586 1784 2618 enim
1807 2588 1843 2617 in
1866 2585 2001 2617 vitiosis

186 2644 218 2674 δ’
244 2646 323 2674 ineu
344 2644 448 2673 lectio
470 2643 564 2673 haud
587 2642 816 2682 improbanda
841 2642 874 2671 δὲ
898 2643 1049 2680 namnida.
1265 2641 1278 2672 i
1311 2642 1483 2683 περτέδωκε
1506 2642 1608 2671 inser.
1632 2639 1811 2679 Pamphyl.
1835 2639 1921 2669 1260
1947 2647 2000 2676 sq.

309 2695 331 2735 j
369 2694 449 2734 Pag.
475 2696 537 2726 157
550 2705 579 2725 v.
825 2693 845 2723 k
878 2696 970 2734 πορτὶ
992 2695 1050 2724 τὰν
1073 2696 1163 2724 πόλιν
1187 2696 1222 2724 et
1244 2694 1372 2724 similia
1397 2694 1489 2724 Cret.
1513 2690 1632 2724 51503ὃ
1655 2693 1711 2732 al.,
1734 2693 1837 2723 etiam
1859 2690 2003 2732 πορτ(’),

318 2747 446 2788 Ιπροτ’
473 2746 615 2777 Theocr.
638 2747 730 2777 XXX
753 2747 807 2777 25.
912 2756 941 2776 m
976 2749 1005 2777 Β
1031 2747 1083 2776 59.
1205 2756 1226 2776 n
1260 2750 1275 2776 λ
1302 2747 1376 2776 143.
1488 2756 1507 2776 ο
1541 2744 1623 2784 Pag.
1650 2746 1691 2775 92
1705 2744 1733 2780 b,
1759 2745 1821 2775 107
1836 2743 1866 2779 Ιι,
1892 2743 1955 2774 114
1968 2744 1998 2774 k.

314 2811 339 2841 p
363 2799 446 2838 Pag.
468 2801 529 2831 157
544 2810 570 2830 v.
706 2810 724 2840 q
758 2803 787 2829 B
808 2800 872 2830 824
896 2800 1001 2829 Γ217
1024 2802 1053 2828 A
1068 2799 1132 2830 417
1151 2801 1192 2828 Μ
1207 2800 1283 2829 149.
1305 2800 1371 2829 Pro
1396 2800 1470 2829 ὑπαὶ
1494 2800 1597 2829 decom
1621 2798 1728 2828 K376
1756 2801 1780 2826 Ο
1797 2799 1828 2832 4,
1853 2797 1944 2826 πόλιν
1965 2797 2001 2826 h.

186 2854 264 2884 Cer.
288 2853 366 2890 272,
386 2856 544 2894 λιπαροῖσι
577 2855 606 2882 Β
629 2853 671 2882 44
696 2852 752 2888 al„
775 2854 916 2892 λαπάρην
951 2854 983 2881 Χ
1008 2852 1084 2888 307,
1107 2852 1249 2891 νεφέεσσι
1287 2854 1320 2881 Ψ
1341 2852 1418 2887 874,
1442 2852 1556 2890 νεφέων
1595 2855 1618 2880 Ο
1642 2851 1705 2881 625
1741 2852 1777 2879 11
1801 2849 1877 2885 375,
1905 2850 2001 2888 ῥιπῆσ

192 2909 217 2936 T
241 2906 305 2937 358
332 2905 376 2935 al.
407 2905 475 2943 leg.
507 2905 566 2935 ὑπὸ
599 2905 716 2943 δῘέεοσ,
746 2913 826 2943 pag.
860 2905 934 2940 178,
969 2904 1030 2934 ὑπὸ
1053 2906 1173 2939 πτόλιν,
1196 2913 1274 2942 pag.
1303 2905 1364 2934 108
1378 2914 1406 2941 r,
1431 2905 1490 2934 ὑπὸ
1514 2907 1682 2944 λιπαροῖσι,
1706 2904 1784 2941 cet.,
1805 2910 1884 2940 pag.
1911 2903 1952 2932 99
1967 2910 2002 2939 c;

188 2967 251 2998 pro
273 2959 371 2999 αὐτὰρ
395 2959 470 2987 ὑπαὶ
495 2959 641 2996 Κεφάὶωι
660 2957 741 2986 Hes.
762 2957 891 2993 Theog.
906 2957 969 2986 986
990 2956 1012 2986 l.
1027 2965 1057 2986 a.
1077 2957 1176 2996 αὐτάρ
1194 2966 1252 2990 τοι,
1273 2955 1365 2994 quod
1377 2964 1496 2985 verum
1509 2954 1660 2985 videtur.
1793 2964 1810 2984 r
1836 2958 1860 2984 ο
1873 2954 1937 2985 520
1958 2955 2002 2984 al.

321 3020 337 3040 s
371 3013 397 3040 B
422 3010 483 3040 711
510 3009 554 3039 al.
748 3010 760 3038 t
792 3010 996 3049 παραιβάτησ
1022 3011 1055 3038 Ψ
1077 3009 1153 3045 132,
1176 3010 1372 3049 παραιβόλοσ
1395 3008 1429 3038 h.
1453 3008 1557 3038 Mero.
1582 3008 1636 3045 56,
1658 3010 1858 3048 παραίφασισ
1881 3008 1910 3036 ,Α
1938 3007 2001 3037 793

190 3067 217 3093 O
240 3063 305 3094 404
328 3063 509 3103 (πάρφασισ
542 3063 579 3094 Ξ
599 3061 693 3101 217),
717 3064 957 3102 παραιφάμονοσ
990 3061 1022 3090 Ω
1054 3060 1116 3091 771
1142 3062 1366 3101 (παρφάμονοσ
1399 3062 1443 3090 Μ
1471 3061 1536 3091 249
1567 3064 1588 3100 (3
1612 3058 1703 3099 189),
1730 3062 2002 3100 παραιπεπίθηισι

188 3127 210 3154 χ
236 3116 313 3153 218,
334 3117 456 3146 -θοῦσα
480 3116 516 3147 Ξ
537 3115 600 3145 208
624 3112 852 3155 (παρπιπιθών
875 3113 891 3148 ξ
914 3114 990 3150 290,
1012 3115 1145 3144 -θόντεσ
1174 3116 1208 3143 Ψ
1227 3113 1268 3144 37
1291 3124 1315 3143 ω
1342 3113 1430 3151 119).
