<?xml version="1.0" encoding="UTF-8"?>
<!DOCTYPE html PUBLIC "-//W3C//DTD XHTML 1.0 Transitional//EN"
    "http://www.w3.org/TR/xhtml1/DTD/xhtml1-transitional.dtd">
<html xmlns="http://www.w3.org/1999/xhtml" xml:lang="en" lang="en">
 <head>
  <title>
</title>
<meta http-equiv="Content-Type" content="text/html;charset=utf-8" />
  <meta name='ocr-system' content='tesseract 3.04.00' />
  <meta name='ocr-capabilities' content='ocr_page ocr_carea ocr_par ocr_line ocrx_word'/>
</head>
<body>
  <div class='ocr_page' id='page_1' title='image "./enchiridiumdicti00leeuuoft_0072.png"; bbox 0 0 2234 3443; ppageno 0'>
   <div class='ocr_carea' id='block_1_1' title="bbox 235 177 2053 223">
    <p class='ocr_par' dir='ltr' id='par_1_1' title="bbox 235 177 2053 223">
     <span class='ocr_line' id='line_1_1' title="bbox 235 177 2053 223; baseline -0.004 -3"><span class='ocrx_word' id='word_1_1' title='bbox 235 182 291 220; x_wconf 83' lang='lat'>48</span> <span class='ocrx_word' id='word_1_2' title='bbox 1015 188 1068 216; x_wconf 77' lang='lat' dir='ltr'>DE</span> <span class='ocrx_word' id='word_1_3' title='bbox 1102 186 1258 215; x_wconf 74' lang='grc' dir='ltr'>ΜΕΤΒΟ.</span> <span class='ocrx_word' id='word_1_4' title='bbox 1956 179 1994 223; x_wconf 65' lang='grc' dir='ltr'>[ς</span> <span class='ocrx_word' id='word_1_5' title='bbox 2029 177 2053 214; x_wconf 83' lang='grc'><strong>3</strong></span> 
     </span>
    </p>
   </div>
   <div class='ocr_carea' id='block_1_2' title="bbox 233 302 2071 2641">
    <p class='ocr_par' dir='ltr' id='par_1_2' title="bbox 233 302 2061 487">
     <span class='ocr_line' id='line_1_2' title="bbox 354 302 2061 352; baseline -0.002 -9"><span class='ocrx_word' id='word_1_6' title='bbox 354 305 404 343; x_wconf 92' lang='lat' dir='ltr'>In</span> <span class='ocrx_word' id='word_1_7' title='bbox 437 305 581 344; x_wconf 83' lang='lat' dir='ltr'>fronte</span> <span class='ocrx_word' id='word_1_8' title='bbox 613 303 748 352; x_wconf 88' lang='lat' dir='ltr'>igitur</span> <span class='ocrx_word' id='word_1_9' title='bbox 779 304 1029 342; x_wconf 83' lang='lat' dir='ltr'>hexametri</span> <span class='ocrx_word' id='word_1_10' title='bbox 1060 313 1296 352; x_wconf 86' lang='lat' dir='ltr'>suppressa</span> <span class='ocrx_word' id='word_1_11' title='bbox 1326 304 1394 342; x_wconf 91' lang='lat' dir='ltr'>est</span> <span class='ocrx_word' id='word_1_12' title='bbox 1425 302 1597 351; x_wconf 82' lang='lat' dir='ltr'>syllaba</span> <span class='ocrx_word' id='word_1_13' title='bbox 1626 302 1716 341; x_wconf 89' lang='lat' dir='ltr'>ictu</span> <span class='ocrx_word' id='word_1_14' title='bbox 1749 311 1913 350; x_wconf 88' lang='lat' dir='ltr'>carens,</span> <span class='ocrx_word' id='word_1_15' title='bbox 1948 302 2061 340; x_wconf 91' lang='lat' dir='ltr'>unde</span> 
     </span>
     <span class='ocr_line' id='line_1_3' title="bbox 234 368 2060 423; baseline -0.003 -11"><span class='ocrx_word' id='word_1_16' title='bbox 234 373 369 423; x_wconf 86' lang='lat' dir='ltr'>prisci</span> <span class='ocrx_word' id='word_1_17' title='bbox 409 371 616 411; x_wconf 88' lang='lat' dir='ltr'>versiculi</span> <span class='ocrx_word' id='word_1_18' title='bbox 658 370 951 410; x_wconf 78' lang='lat' dir='ltr'>ordiebantur.</span> <span class='ocrx_word' id='word_1_19' title='bbox 985 370 1127 409; x_wconf 88' lang='lat' dir='ltr'>Etiam</span> <span class='ocrx_word' id='word_1_20' title='bbox 1158 370 1276 412; x_wconf 70' lang='lat' dir='ltr'>finali</span> <span class='ocrx_word' id='word_1_21' title='bbox 1306 371 1457 409; x_wconf 89' lang='lat' dir='ltr'>autem</span> <span class='ocrx_word' id='word_1_22' title='bbox 1490 368 1661 417; x_wconf 89' lang='lat' dir='ltr'>syllaba</span> <span class='ocrx_word' id='word_1_23' title='bbox 1693 368 1862 408; x_wconf 89' lang='lat' dir='ltr'>abiecta</span> <span class='ocrx_word' id='word_1_24' title='bbox 1893 369 1937 407; x_wconf 92' lang='lat' dir='ltr'>hi</span> <span class='ocrx_word' id='word_1_25' title='bbox 1968 378 2060 408; x_wconf 87' lang='lat' dir='ltr'>ver·</span> 
     </span>
     <span class='ocr_line' id='line_1_4' title="bbox 233 440 988 487; baseline -0.007 -7"><span class='ocrx_word' id='word_1_26' title='bbox 233 441 362 480; x_wconf 92' lang='lat' dir='ltr'>siculi</span> <span class='ocrx_word' id='word_1_27' title='bbox 394 441 590 479; x_wconf 90' lang='lat' dir='ltr'>coierunt</span> <span class='ocrx_word' id='word_1_28' title='bbox 622 440 665 477; x_wconf 89' lang='lat' dir='ltr'>in</span> <span class='ocrx_word' id='word_1_29' title='bbox 693 440 988 487; x_wconf 78' lang='lat' dir='ltr'>pentametros.</span> 
     </span>
    </p>

    <p class='ocr_par' dir='ltr' id='par_1_3' title="bbox 233 502 2061 624">
     <span class='ocr_line' id='line_1_5' title="bbox 352 502 2061 555; baseline -0.004 -8"><span class='ocrx_word' id='word_1_30' title='bbox 352 508 576 555; x_wconf 81' lang='lat' dir='ltr'>Reliquias</span> <span class='ocrx_word' id='word_1_31' title='bbox 616 505 831 554; x_wconf 90' lang='lat' dir='ltr'>quasdam</span> <span class='ocrx_word' id='word_1_32' title='bbox 872 504 1162 552; x_wconf 89' lang='lat' dir='ltr'>tripudiorum</span> <span class='ocrx_word' id='word_1_33' title='bbox 1195 503 1518 552; x_wconf 85' lang='lat' dir='ltr'>primitivorum</span> <span class='ocrx_word' id='word_1_34' title='bbox 1551 503 1595 542; x_wconf 92' lang='lat' dir='ltr'>in</span> <span class='ocrx_word' id='word_1_35' title='bbox 1628 502 1896 542; x_wconf 83' lang='lat' dir='ltr'>carminibus</span> <span class='ocrx_word' id='word_1_36' title='bbox 1927 503 2061 552; x_wconf 84' lang='lat' dir='ltr'>epicis</span> 
     </span>
     <span class='ocr_line' id='line_1_6' title="bbox 233 571 1323 624; baseline -0.005 -10"><span class='ocrx_word' id='word_1_37' title='bbox 233 575 480 624; x_wconf 89' lang='lat' dir='ltr'>repperisse</span> <span class='ocrx_word' id='word_1_38' title='bbox 512 574 596 613; x_wconf 92' lang='lat' dir='ltr'>sibi</span> <span class='ocrx_word' id='word_1_39' title='bbox 628 574 753 612; x_wconf 88' lang='lat' dir='ltr'>visus</span> <span class='ocrx_word' id='word_1_40' title='bbox 785 574 852 611; x_wconf 89' lang='lat' dir='ltr'>est</span> <span class='ocrx_word' id='word_1_41' title='bbox 884 571 1097 619; x_wconf 72' lang='lat' dir='ltr'>Usenera‚</span> <span class='ocrx_word' id='word_1_42' title='bbox 1131 581 1201 610; x_wconf 89' lang='lat' dir='ltr'>ex.</span> <span class='ocrx_word' id='word_1_43' title='bbox 1234 581 1323 619; x_wconf 89' lang='lat' dir='ltr'>gr.:</span> 
     </span>
    </p>

    <p class='ocr_par' dir='ltr' id='par_1_4' title="bbox 529 636 1809 893">
     <span class='ocr_line' id='line_1_7' title="bbox 531 636 1736 691; baseline -0.001 -12"><span class='ocrx_word' id='word_1_44' title='bbox 531 637 609 679; x_wconf 80' lang='grc' dir='ltr'><strong><em>ἀλλ’</em></strong></span> <span class='ocrx_word' id='word_1_45' title='bbox 647 638 717 691; x_wconf 71' lang='grc' dir='ltr'>ἄγε</span> <span class='ocrx_word' id='word_1_46' title='bbox 750 645 829 678; x_wconf 72' lang='grc' dir='ltr'>νῗια</span> <span class='ocrx_word' id='word_1_47' title='bbox 862 638 1055 689; x_wconf 81' lang='grc' dir='ltr'><em>μέλαιναν</em></span> <span class='ocrx_word' id='word_1_48' title='bbox 1078 636 1093 690; x_wconf 98' lang='grc' dir='ltr'>ΙΙ</span> <span class='ocrx_word' id='word_1_49' title='bbox 1117 638 1373 691; x_wconf 41' lang='grc' dir='ltr'><em>,ρερύσσομεν</em></span> <span class='ocrx_word' id='word_1_50' title='bbox 1405 637 1463 677; x_wconf 78' lang='grc' dir='ltr'>εἰσ</span> <span class='ocrx_word' id='word_1_51' title='bbox 1494 636 1569 675; x_wconf 72' lang='grc' dir='ltr'>ἅλα</span> <span class='ocrx_word' id='word_1_52' title='bbox 1601 637 1693 676; x_wconf 79' lang='grc' dir='ltr'><em>δῖαν</em></span> <span class='ocrx_word' id='word_1_53' title='bbox 1706 639 1736 678; x_wconf 76' lang='lat' dir='ltr'>b.</span> 
     </span>
     <span class='ocr_line' id='line_1_8' title="bbox 531 702 1664 758; baseline -0.002 -12"><span class='ocrx_word' id='word_1_54' title='bbox 531 706 573 746; x_wconf 73' lang='grc' dir='ltr'>ἐκ</span> <span class='ocrx_word' id='word_1_55' title='bbox 606 703 642 746; x_wconf 79' lang='grc' dir='ltr'>δ’</span> <span class='ocrx_word' id='word_1_56' title='bbox 678 705 907 757; x_wconf 68' lang='grc' dir='ltr'><em>ἑκατόμβην</em></span> <span class='ocrx_word' id='word_1_57' title='bbox 933 702 1084 756; x_wconf 66' lang='grc' dir='ltr'><em>’βῆσαν</em></span> <span class='ocrx_word' id='word_1_58' title='bbox 1110 703 1126 757; x_wconf 98' lang='grc' dir='ltr'>ΙΙ</span> <span class='ocrx_word' id='word_1_59' title='bbox 1147 704 1378 758; x_wconf 42' lang='grc' dir='ltr'><em>,ρεκκβόλωι</em></span> <span class='ocrx_word' id='word_1_60' title='bbox 1409 703 1623 743; x_wconf 77' lang='grc' dir='ltr'><strong><em>Ἀπόλλωνι</em></strong></span> <span class='ocrx_word' id='word_1_61' title='bbox 1636 712 1664 744; x_wconf 80' lang='lat'>0.</span> 
     </span>
     <span class='ocr_line' id='line_1_9' title="bbox 529 769 1646 825; baseline -0.003 -12"><span class='ocrx_word' id='word_1_62' title='bbox 529 781 668 825; x_wconf 77' lang='grc' dir='ltr'><em>πᾶσιν,</em></span> <span class='ocrx_word' id='word_1_63' title='bbox 697 772 785 823; x_wconf 80' lang='grc' dir='ltr'>ἐμοὶ</span> <span class='ocrx_word' id='word_1_64' title='bbox 816 770 859 812; x_wconf 84' lang='grc' dir='ltr'>δὲ</span> <span class='ocrx_word' id='word_1_65' title='bbox 891 772 1072 823; x_wconf 80' lang='grc' dir='ltr'><em>μάλιστα,</em></span> <span class='ocrx_word' id='word_1_66' title='bbox 1095 771 1110 824; x_wconf 97' lang='grc' dir='ltr'>ΙΙ</span> <span class='ocrx_word' id='word_1_67' title='bbox 1135 771 1193 812; x_wconf 83' lang='grc' dir='ltr'>τοὶ</span> <span class='ocrx_word' id='word_1_68' title='bbox 1227 772 1363 811; x_wconf 69' lang='lat' dir='ltr'>Fallunt</span> <span class='ocrx_word' id='word_1_69' title='bbox 1394 770 1602 824; x_wconf 74' lang='grc' dir='ltr'><em>ἐγγεγάασι</em></span> <span class='ocrx_word' id='word_1_70' title='bbox 1614 769 1646 809; x_wconf 76' lang='lat' dir='ltr'>d.</span> 
     </span>
     <span class='ocr_line' id='line_1_10' title="bbox 532 837 1809 893; baseline -0.002 -13"><span class='ocrx_word' id='word_1_71' title='bbox 532 839 718 893; x_wconf 78' lang='grc' dir='ltr'><em>ὀχθήσασ</em></span> <span class='ocrx_word' id='word_1_72' title='bbox 750 838 784 879; x_wconf 80' lang='grc' dir='ltr'>δ’</span> <span class='ocrx_word' id='word_1_73' title='bbox 821 837 880 888; x_wconf 73' lang='grc' dir='ltr'>ἄρ’</span> <span class='ocrx_word' id='word_1_74' title='bbox 916 839 1046 892; x_wconf 61' lang='grc' dir='ltr'><em>ἔρειπε</em></span> <span class='ocrx_word' id='word_1_75' title='bbox 1070 837 1085 892; x_wconf 98' lang='grc' dir='ltr'>ΙΙ</span> <span class='ocrx_word' id='word_1_76' title='bbox 1108 839 1211 889; x_wconf 83' lang='grc' dir='ltr'><em>πρὸσ</em></span> <span class='ocrx_word' id='word_1_77' title='bbox 1240 839 1321 893; x_wconf 46' lang='grc' dir='ltr'>,μὸν</span> <span class='ocrx_word' id='word_1_78' title='bbox 1353 839 1602 891; x_wconf 80' lang='grc' dir='ltr'><em>μεγαλήτορα</em></span> <span class='ocrx_word' id='word_1_79' title='bbox 1634 838 1771 888; x_wconf 84' lang='grc' dir='ltr'><em>θυμόν</em></span> <span class='ocrx_word' id='word_1_80' title='bbox 1783 846 1809 877; x_wconf 67' lang='grc' dir='ltr'>θ’.</span> 
     </span>
    </p>

    <p class='ocr_par' dir='ltr' id='par_1_5' title="bbox 234 906 2071 2641">
     <span class='ocr_line' id='line_1_11' title="bbox 357 906 2061 957; baseline -0.001 -8"><span class='ocrx_word' id='word_1_81' title='bbox 357 911 438 950; x_wconf 82' lang='lat' dir='ltr'>Sed</span> <span class='ocrx_word' id='word_1_82' title='bbox 472 911 524 949; x_wconf 90' lang='lat' dir='ltr'>ab</span> <span class='ocrx_word' id='word_1_83' title='bbox 556 909 707 948; x_wconf 91' lang='lat' dir='ltr'>Iliadis</span> <span class='ocrx_word' id='word_1_84' title='bbox 739 908 1019 956; x_wconf 86' lang='lat' dir='ltr'>Odysseaeve</span> <span class='ocrx_word' id='word_1_85' title='bbox 1046 910 1175 957; x_wconf 88' lang='lat' dir='ltr'>poeta</span> <span class='ocrx_word' id='word_1_86' title='bbox 1200 909 1280 947; x_wconf 88' lang='lat' dir='ltr'>hos</span> <span class='ocrx_word' id='word_1_87' title='bbox 1305 907 1533 946; x_wconf 88' lang='lat' dir='ltr'>similesve</span> <span class='ocrx_word' id='word_1_88' title='bbox 1561 916 1717 946; x_wconf 87' lang='lat' dir='ltr'>versus</span> <span class='ocrx_word' id='word_1_89' title='bbox 1744 917 1767 946; x_wconf 94' lang='lat' dir='ltr'>e</span> <span class='ocrx_word' id='word_1_90' title='bbox 1794 906 2061 948; x_wconf 86' lang='lat' dir='ltr'>carminibus</span> 
     </span>
     <span class='ocr_line' id='line_1_12' title="bbox 235 973 2065 1026; baseline -0.003 -9"><span class='ocrx_word' id='word_1_91' title='bbox 235 977 556 1026; x_wconf 90' lang='lat' dir='ltr'>antiquioribus</span> <span class='ocrx_word' id='word_1_92' title='bbox 588 977 816 1015; x_wconf 90' lang='lat' dir='ltr'>desumtos</span> <span class='ocrx_word' id='word_1_93' title='bbox 848 985 946 1014; x_wconf 91' lang='lat' dir='ltr'>esse</span> <span class='ocrx_word' id='word_1_94' title='bbox 978 975 1182 1015; x_wconf 87' lang='lat' dir='ltr'>credibile</span> <span class='ocrx_word' id='word_1_95' title='bbox 1209 984 1295 1014; x_wconf 91' lang='lat' dir='ltr'>non</span> <span class='ocrx_word' id='word_1_96' title='bbox 1322 974 1510 1023; x_wconf 86' lang='lat' dir='ltr'>videtur,</span> <span class='ocrx_word' id='word_1_97' title='bbox 1539 974 1679 1023; x_wconf 90' lang='lat' dir='ltr'>ipsius</span> <span class='ocrx_word' id='word_1_98' title='bbox 1707 976 1855 1012; x_wconf 89' lang='lat' dir='ltr'>autem</span> <span class='ocrx_word' id='word_1_99' title='bbox 1883 973 2065 1013; x_wconf 87' lang='lat' dir='ltr'>Homeri</span> 
     </span>
     <span class='ocr_line' id='line_1_13' title="bbox 235 1041 2064 1092; baseline -0.003 -8"><span class='ocrx_word' id='word_1_100' title='bbox 235 1045 319 1084; x_wconf 90' lang='lat' dir='ltr'>arti</span> <span class='ocrx_word' id='word_1_101' title='bbox 358 1045 544 1084; x_wconf 89' lang='lat' dir='ltr'>metrica</span> <span class='ocrx_word' id='word_1_102' title='bbox 583 1044 690 1083; x_wconf 91' lang='lat' dir='ltr'>haec</span> <span class='ocrx_word' id='word_1_103' title='bbox 731 1043 910 1082; x_wconf 89' lang='lat' dir='ltr'>licentia</span> <span class='ocrx_word' id='word_1_104' title='bbox 945 1053 1101 1092; x_wconf 88' lang='lat' dir='ltr'>parurn</span> <span class='ocrx_word' id='word_1_105' title='bbox 1136 1042 1417 1090; x_wconf 83' lang='lat' dir='ltr'>congruebat.</span> <span class='ocrx_word' id='word_1_106' title='bbox 1450 1041 1663 1080; x_wconf 90' lang='lat' dir='ltr'>Primitus</span> <span class='ocrx_word' id='word_1_107' title='bbox 1695 1041 1868 1088; x_wconf 90' lang='lat' dir='ltr'>quidem</span> <span class='ocrx_word' id='word_1_108' title='bbox 1905 1063 1957 1069; x_wconf 93' lang='lat'>—</span> <span class='ocrx_word' id='word_1_109' title='bbox 1991 1041 2064 1080; x_wconf 93' lang='lat' dir='ltr'>diu</span> 
     </span>
     <span class='ocr_line' id='line_1_14' title="bbox 236 1109 2065 1159; baseline -0.003 -8"><span class='ocrx_word' id='word_1_110' title='bbox 236 1114 338 1151; x_wconf 91' lang='lat' dir='ltr'>ante</span> <span class='ocrx_word' id='word_1_111' title='bbox 365 1112 610 1151; x_wconf 89' lang='lat' dir='ltr'>Homerum</span> <span class='ocrx_word' id='word_1_112' title='bbox 629 1132 684 1138; x_wconf 90' lang='lat'>—-</span> <span class='ocrx_word' id='word_1_113' title='bbox 701 1113 745 1150; x_wconf 87' lang='lat' dir='ltr'>et</span> <span class='ocrx_word' id='word_1_114' title='bbox 771 1110 879 1149; x_wconf 89' lang='lat' dir='ltr'>talia</span> <span class='ocrx_word' id='word_1_115' title='bbox 904 1110 1101 1159; x_wconf 87' lang='lat' dir='ltr'>potuisse</span> <span class='ocrx_word' id='word_1_116' title='bbox 1125 1109 1211 1148; x_wconf 89' lang='lat' dir='ltr'>dici</span> <span class='ocrx_word' id='word_1_117' title='bbox 1238 1111 1282 1148; x_wconf 89' lang='lat' dir='ltr'>et</span> <span class='ocrx_word' id='word_1_118' title='bbox 1308 1109 1352 1147; x_wconf 92' lang='lat' dir='ltr'>in</span> <span class='ocrx_word' id='word_1_119' title='bbox 1381 1109 1523 1147; x_wconf 91' lang='lat' dir='ltr'>fronte</span> <span class='ocrx_word' id='word_1_120' title='bbox 1549 1109 1800 1147; x_wconf 83' lang='lat' dir='ltr'>hexametri</span> <span class='ocrx_word' id='word_1_121' title='bbox 1825 1118 2065 1157; x_wconf 83' lang='lat' dir='ltr'>exuperare</span> 
     </span>
     <span class='ocr_line' id='line_1_15' title="bbox 236 1177 2064 1229; baseline -0.002 -11"><span class='ocrx_word' id='word_1_122' title='bbox 236 1180 434 1229; x_wconf 86' lang='lat' dir='ltr'>potuisse</span> <span class='ocrx_word' id='word_1_123' title='bbox 481 1179 700 1227; x_wconf 82' lang='lat' dir='ltr'>syllabam</span> <span class='ocrx_word' id='word_1_124' title='bbox 757 1189 855 1218; x_wconf 91' lang='lat' dir='ltr'>eam</span> <span class='ocrx_word' id='word_1_125' title='bbox 912 1179 1001 1217; x_wconf 91' lang='lat' dir='ltr'>ictu</span> <span class='ocrx_word' id='word_1_126' title='bbox 1053 1178 1294 1225; x_wconf 77' lang='lat' dir='ltr'>carentem,</span> <span class='ocrx_word' id='word_1_127' title='bbox 1344 1186 1453 1224; x_wconf 91' lang='lat' dir='ltr'>quae</span> <span class='ocrx_word' id='word_1_128' title='bbox 1499 1178 1654 1225; x_wconf 87' lang='lat' dir='ltr'>postea</span> <span class='ocrx_word' id='word_1_129' title='bbox 1699 1177 1950 1215; x_wconf 87' lang='lat' dir='ltr'>constanter</span> <span class='ocrx_word' id='word_1_130' title='bbox 1996 1178 2064 1215; x_wconf 85' lang='lat' dir='ltr'>est</span> 
     </span>
     <span class='ocr_line' id='line_1_16' title="bbox 235 1244 2064 1296; baseline -0.002 -10"><span class='ocrx_word' id='word_1_131' title='bbox 235 1257 487 1296; x_wconf 87' lang='lat' dir='ltr'>suppressa,</span> <span class='ocrx_word' id='word_1_132' title='bbox 531 1247 624 1285; x_wconf 94' lang='lat' dir='ltr'>veri</span> <span class='ocrx_word' id='word_1_133' title='bbox 667 1248 734 1285; x_wconf 89' lang='lat' dir='ltr'>est</span> <span class='ocrx_word' id='word_1_134' title='bbox 777 1245 1071 1293; x_wconf 88' lang='lat' dir='ltr'>simillimum,</span> <span class='ocrx_word' id='word_1_135' title='bbox 1116 1245 1229 1283; x_wconf 90' lang='lat' dir='ltr'>hanc</span> <span class='ocrx_word' id='word_1_136' title='bbox 1272 1246 1423 1282; x_wconf 90' lang='lat' dir='ltr'>autem</span> <span class='ocrx_word' id='word_1_137' title='bbox 1455 1253 1549 1282; x_wconf 89' lang='lat' dir='ltr'>rem</span> <span class='ocrx_word' id='word_1_138' title='bbox 1583 1244 1781 1283; x_wconf 86' lang='lat' dir='ltr'>effecisse</span> <span class='ocrx_word' id='word_1_139' title='bbox 1818 1245 1868 1282; x_wconf 92' lang='lat' dir='ltr'>ut</span> <span class='ocrx_word' id='word_1_140' title='bbox 1898 1244 1942 1282; x_wconf 92' lang='lat' dir='ltr'>in</span> <span class='ocrx_word' id='word_1_141' title='bbox 1975 1253 2064 1282; x_wconf 88' lang='lat' dir='ltr'>car-</span> 
     </span>
     <span class='ocr_line' id='line_1_17' title="bbox 235 1311 2062 1363; baseline -0.002 -10"><span class='ocrx_word' id='word_1_142' title='bbox 235 1314 428 1354; x_wconf 91' lang='lat' dir='ltr'>minibus</span> <span class='ocrx_word' id='word_1_143' title='bbox 454 1314 588 1363; x_wconf 87' lang='lat' dir='ltr'>epicis</span> <span class='ocrx_word' id='word_1_144' title='bbox 614 1315 906 1362; x_wconf 88' lang='lat' dir='ltr'>augmentum</span> <span class='ocrx_word' id='word_1_145' title='bbox 933 1312 1195 1360; x_wconf 90' lang='lat' dir='ltr'>syllabicum</span> <span class='ocrx_word' id='word_1_146' title='bbox 1224 1312 1307 1351; x_wconf 89' lang='lat' dir='ltr'>hoc</span> <span class='ocrx_word' id='word_1_147' title='bbox 1334 1311 1582 1350; x_wconf 85' lang='lat' dir='ltr'>hexametri</span> <span class='ocrx_word' id='word_1_148' title='bbox 1607 1311 1701 1350; x_wconf 92' lang='lat' dir='ltr'>loco</span> <span class='ocrx_word' id='word_1_149' title='bbox 1728 1311 1906 1360; x_wconf 85' lang='lat' dir='ltr'>saepius</span> <span class='ocrx_word' id='word_1_150' title='bbox 1931 1320 2062 1359; x_wconf 89' lang='lat' dir='ltr'>quam</span> 
     </span>
     <span class='ocr_line' id='line_1_18' title="bbox 234 1378 2063 1430; baseline -0.002 -10"><span class='ocrx_word' id='word_1_151' title='bbox 234 1382 334 1421; x_wconf 90' lang='lat' dir='ltr'>aliis</span> <span class='ocrx_word' id='word_1_152' title='bbox 360 1379 702 1430; x_wconf 78' lang='lat' dir='ltr'>neglegereturf</span> <span class='ocrx_word' id='word_1_153' title='bbox 723 1382 766 1420; x_wconf 85' lang='lat' dir='ltr'>et</span> <span class='ocrx_word' id='word_1_154' title='bbox 792 1390 933 1419; x_wconf 92' lang='lat' dir='ltr'>novae</span> <span class='ocrx_word' id='word_1_155' title='bbox 959 1379 1232 1426; x_wconf 83' lang='lat' dir='ltr'>quorundam</span> <span class='ocrx_word' id='word_1_156' title='bbox 1250 1378 1564 1418; x_wconf 88' lang='lat' dir='ltr'>vocabulorum</span> <span class='ocrx_word' id='word_1_157' title='bbox 1581 1378 1748 1417; x_wconf 84' lang='lat' dir='ltr'>formae</span> <span class='ocrx_word' id='word_1_158' title='bbox 1763 1380 2063 1427; x_wconf 89' lang='lat' dir='ltr'>nascerentur,</span> 
     </span>
     <span class='ocr_line' id='line_1_19' title="bbox 235 1444 2068 1497; baseline -0.003 -9"><span class='ocrx_word' id='word_1_159' title='bbox 235 1449 394 1497; x_wconf 88' lang='lat' dir='ltr'>quibus</span> <span class='ocrx_word' id='word_1_160' title='bbox 427 1450 470 1488; x_wconf 89' lang='lat' dir='ltr'>et</span> <span class='ocrx_word' id='word_1_161' title='bbox 500 1449 718 1488; x_wconf 89' lang='lat' dir='ltr'>Homerus</span> <span class='ocrx_word' id='word_1_162' title='bbox 750 1450 902 1496; x_wconf 88' lang='lat' dir='ltr'>postea</span> <span class='ocrx_word' id='word_1_163' title='bbox 929 1448 999 1485; x_wconf 86' lang='lat' dir='ltr'>est</span> <span class='ocrx_word' id='word_1_164' title='bbox 1030 1456 1148 1495; x_wconf 78' lang='lat' dir='ltr'>uSUS,</span> <span class='ocrx_word' id='word_1_165' title='bbox 1178 1456 1247 1485; x_wconf 88' lang='lat' dir='ltr'>ex.</span> <span class='ocrx_word' id='word_1_166' title='bbox 1276 1456 1338 1495; x_wconf 85' lang='lat' dir='ltr'>gr.</span> <span class='ocrx_word' id='word_1_167' title='bbox 1367 1444 1559 1496; x_wconf 82' lang='grc' dir='ltr'><em>πλοχμόσ,</em></span> <span class='ocrx_word' id='word_1_168' title='bbox 1581 1445 1749 1496; x_wconf 81' lang='grc' dir='ltr'><strong><em>πρόχνυ,</em></strong></span> <span class='ocrx_word' id='word_1_169' title='bbox 1772 1445 2068 1496; x_wconf 70' lang='grc' dir='ltr'><em>γλακτοφάγοσ,</em></span> 
     </span>
     <span class='ocr_line' id='line_1_20' title="bbox 236 1513 2063 1569; baseline -0.001 -15"><span class='ocrx_word' id='word_1_170' title='bbox 236 1516 357 1565; x_wconf 78' lang='grc' dir='ltr'><em>τίπτε,</em></span> <span class='ocrx_word' id='word_1_171' title='bbox 395 1515 538 1569; x_wconf 45' lang='lat' dir='ltr'>usu-fida</span> <span class='ocrx_word' id='word_1_172' title='bbox 581 1517 675 1555; x_wconf 92' lang='lat' dir='ltr'>sive</span> <span class='ocrx_word' id='word_1_173' title='bbox 715 1515 894 1554; x_wconf 65' lang='lat' dir='ltr'>uetvdaff.</span> <span class='ocrx_word' id='word_1_174' title='bbox 939 1514 1020 1553; x_wconf 86' lang='lat' dir='ltr'>Sed</span> <span class='ocrx_word' id='word_1_175' title='bbox 1062 1514 1135 1553; x_wconf 91' lang='lat' dir='ltr'>diu</span> <span class='ocrx_word' id='word_1_176' title='bbox 1177 1516 1294 1562; x_wconf 88' lang='lat' dir='ltr'>ante,</span> <span class='ocrx_word' id='word_1_177' title='bbox 1337 1523 1469 1561; x_wconf 91' lang='lat' dir='ltr'>quam</span> <span class='ocrx_word' id='word_1_178' title='bbox 1510 1514 1710 1552; x_wconf 89' lang='lat' dir='ltr'>carmina</span> <span class='ocrx_word' id='word_1_179' title='bbox 1750 1523 1861 1561; x_wconf 90' lang='lat' dir='ltr'>quae</span> <span class='ocrx_word' id='word_1_180' title='bbox 1898 1513 1951 1552; x_wconf 87' lang='lat' dir='ltr'>ad</span> <span class='ocrx_word' id='word_1_181' title='bbox 1983 1522 2063 1552; x_wconf 86' lang='lat' dir='ltr'>nos</span> 
     </span>
     <span class='ocr_line' id='line_1_21' title="bbox 235 1580 2068 1633; baseline -0.003 -10"><span class='ocrx_word' id='word_1_182' title='bbox 235 1586 530 1633; x_wconf 88' lang='lat' dir='ltr'>pervenerunt</span> <span class='ocrx_word' id='word_1_183' title='bbox 572 1584 819 1633; x_wconf 89' lang='lat' dir='ltr'>composita</span> <span class='ocrx_word' id='word_1_184' title='bbox 860 1583 978 1630; x_wconf 86' lang='lat' dir='ltr'>sunt,</span> <span class='ocrx_word' id='word_1_185' title='bbox 1021 1582 1199 1630; x_wconf 88' lang='lat' dir='ltr'>penitus</span> <span class='ocrx_word' id='word_1_186' title='bbox 1242 1583 1558 1620; x_wconf 87' lang='lat' dir='ltr'>concreverunt</span> <span class='ocrx_word' id='word_1_187' title='bbox 1610 1580 1701 1619; x_wconf 90' lang='lat' dir='ltr'>bini</span> <span class='ocrx_word' id='word_1_188' title='bbox 1742 1580 1805 1619; x_wconf 90' lang='lat' dir='ltr'>illi</span> <span class='ocrx_word' id='word_1_189' title='bbox 1847 1580 2068 1629; x_wconf 85' lang='lat' dir='ltr'>versiculi,</span> 
     </span>
     <span class='ocr_line' id='line_1_22' title="bbox 234 1648 2067 1699; baseline -0.002 -9"><span class='ocrx_word' id='word_1_190' title='bbox 234 1661 421 1699; x_wconf 90' lang='lat' dir='ltr'>quorum</span> <span class='ocrx_word' id='word_1_191' title='bbox 463 1652 666 1690; x_wconf 88' lang='lat' dir='ltr'>iunctura</span> <span class='ocrx_word' id='word_1_192' title='bbox 706 1660 888 1690; x_wconf 86' lang='lat' dir='ltr'>versum</span> <span class='ocrx_word' id='word_1_193' title='bbox 929 1650 1154 1688; x_wconf 90' lang='lat' dir='ltr'>heroicum</span> <span class='ocrx_word' id='word_1_194' title='bbox 1198 1649 1356 1688; x_wconf 86' lang='lat' dir='ltr'>effecit.</span> <span class='ocrx_word' id='word_1_195' title='bbox 1401 1648 1592 1696; x_wconf 80' lang='lat' dir='ltr'>Quorum</span> <span class='ocrx_word' id='word_1_196' title='bbox 1631 1648 1877 1687; x_wconf 88' lang='lat' dir='ltr'>carminum</span> <span class='ocrx_word' id='word_1_197' title='bbox 1912 1657 2067 1687; x_wconf 89' lang='lat' dir='ltr'>versus</span> 
     </span>
     <span class='ocr_line' id='line_1_23' title="bbox 235 1715 2065 1767; baseline -0.002 -10"><span class='ocrx_word' id='word_1_198' title='bbox 235 1719 339 1766; x_wconf 90' lang='lat' dir='ltr'>quin</span> <span class='ocrx_word' id='word_1_199' title='bbox 386 1718 516 1757; x_wconf 90' lang='lat' dir='ltr'>solidi</span> <span class='ocrx_word' id='word_1_200' title='bbox 558 1719 804 1767; x_wconf 86' lang='lat' dir='ltr'>integrique</span> <span class='ocrx_word' id='word_1_201' title='bbox 845 1718 934 1756; x_wconf 91' lang='lat' dir='ltr'>sint</span> <span class='ocrx_word' id='word_1_202' title='bbox 976 1726 1120 1764; x_wconf 91' lang='lat' dir='ltr'>nemo,</span> <span class='ocrx_word' id='word_1_203' title='bbox 1164 1717 1236 1764; x_wconf 90' lang='lat' dir='ltr'>qui</span> <span class='ocrx_word' id='word_1_204' title='bbox 1279 1715 1455 1764; x_wconf 83' lang='lat' dir='ltr'>quidem</span> <span class='ocrx_word' id='word_1_205' title='bbox 1499 1715 1670 1754; x_wconf 89' lang='lat' dir='ltr'>aurium</span> <span class='ocrx_word' id='word_1_206' title='bbox 1713 1715 1871 1754; x_wconf 91' lang='lat' dir='ltr'>iudicio</span> <span class='ocrx_word' id='word_1_207' title='bbox 1903 1715 2065 1763; x_wconf 91' lang='lat' dir='ltr'>aliquid</span> 
     </span>
     <span class='ocr_line' id='line_1_24' title="bbox 235 1782 2067 1834; baseline -0.002 -10"><span class='ocrx_word' id='word_1_208' title='bbox 235 1785 396 1834; x_wconf 85' lang='lat' dir='ltr'>valeat,</span> <span class='ocrx_word' id='word_1_209' title='bbox 425 1785 626 1824; x_wconf 86' lang='lat' dir='ltr'>dubitare</span> <span class='ocrx_word' id='word_1_210' title='bbox 655 1787 812 1834; x_wconf 88' lang='lat' dir='ltr'>potest.</span> <span class='ocrx_word' id='word_1_211' title='bbox 842 1785 1001 1832; x_wconf 87' lang='lat' dir='ltr'>Magna</span> <span class='ocrx_word' id='word_1_212' title='bbox 1028 1785 1072 1823; x_wconf 91' lang='lat' dir='ltr'>in</span> <span class='ocrx_word' id='word_1_213' title='bbox 1099 1784 1154 1822; x_wconf 89' lang='lat' dir='ltr'>iis</span> <span class='ocrx_word' id='word_1_214' title='bbox 1181 1785 1250 1822; x_wconf 88' lang='lat' dir='ltr'>est</span> <span class='ocrx_word' id='word_1_215' title='bbox 1266 1793 1552 1822; x_wconf 90' lang='lat' dir='ltr'>numerorum</span> <span class='ocrx_word' id='word_1_216' title='bbox 1569 1782 1752 1822; x_wconf 86' lang='lat' dir='ltr'>libertas</span> <span class='ocrx_word' id='word_1_217' title='bbox 1768 1784 1812 1821; x_wconf 88' lang='lat' dir='ltr'>et</span> <span class='ocrx_word' id='word_1_218' title='bbox 1828 1782 2067 1832; x_wconf 81' lang='lat' dir='ltr'>mobilitas,</span> 
     </span>
     <span class='ocr_line' id='line_1_25' title="bbox 237 1851 2071 1901; baseline -0.001 -11"><span class='ocrx_word' id='word_1_219' title='bbox 237 1854 283 1890; x_wconf 90' lang='lat' dir='ltr'>at</span> <span class='ocrx_word' id='word_1_220' title='bbox 325 1853 455 1891; x_wconf 88' lang='lat' dir='ltr'>certis</span> <span class='ocrx_word' id='word_1_221' title='bbox 496 1853 665 1901; x_wconf 89' lang='lat' dir='ltr'>legibus</span> <span class='ocrx_word' id='word_1_222' title='bbox 707 1854 975 1901; x_wconf 75' lang='lat' dir='ltr'>temperata;</span> <span class='ocrx_word' id='word_1_223' title='bbox 1010 1852 1052 1890; x_wconf 92' lang='lat' dir='ltr'>in</span> <span class='ocrx_word' id='word_1_224' title='bbox 1087 1851 1353 1890; x_wconf 90' lang='lat' dir='ltr'>incisionum</span> <span class='ocrx_word' id='word_1_225' title='bbox 1387 1852 1534 1889; x_wconf 87' lang='lat' dir='ltr'>autem</span> <span class='ocrx_word' id='word_1_226' title='bbox 1569 1851 1785 1889; x_wconf 89' lang='lat' dir='ltr'>varietate</span> <span class='ocrx_word' id='word_1_227' title='bbox 1816 1851 2071 1899; x_wconf 83' lang='lat' dir='ltr'>agnoscitur</span> 
     </span>
     <span class='ocr_line' id='line_1_26' title="bbox 238 1918 2068 1968; baseline 0.001 -11"><span class='ocrx_word' id='word_1_228' title='bbox 238 1929 310 1958; x_wconf 90' lang='lat' dir='ltr'>ars</span> <span class='ocrx_word' id='word_1_229' title='bbox 350 1921 526 1958; x_wconf 91' lang='lat' dir='ltr'>matura</span> <span class='ocrx_word' id='word_1_230' title='bbox 557 1922 786 1968; x_wconf 90' lang='lat' dir='ltr'>poetarum</span> <span class='ocrx_word' id='word_1_231' title='bbox 821 1920 963 1959; x_wconf 88' lang='lat' dir='ltr'>multo</span> <span class='ocrx_word' id='word_1_232' title='bbox 996 1930 1079 1958; x_wconf 89' lang='lat' dir='ltr'>usu</span> <span class='ocrx_word' id='word_1_233' title='bbox 1112 1919 1472 1958; x_wconf 85' lang='lat' dir='ltr'>exercitatorum.</span> <span class='ocrx_word' id='word_1_234' title='bbox 1506 1918 1626 1958; x_wconf 89' lang='lat' dir='ltr'>Haec</span> <span class='ocrx_word' id='word_1_235' title='bbox 1667 1919 1844 1957; x_wconf 92' lang='lat' dir='ltr'>demum</span> <span class='ocrx_word' id='word_1_236' title='bbox 1876 1919 2068 1958; x_wconf 85' lang='lat' dir='ltr'>varietas</span> 
     </span>
     <span class='ocr_line' id='line_1_27' title="bbox 237 1986 2071 2035; baseline 0.001 -10"><span class='ocrx_word' id='word_1_237' title='bbox 237 1996 446 2026; x_wconf 90' lang='lat' dir='ltr'>numeros</span> <span class='ocrx_word' id='word_1_238' title='bbox 488 1988 773 2026; x_wconf 87' lang='lat' dir='ltr'>hexametros</span> <span class='ocrx_word' id='word_1_239' title='bbox 815 1987 1141 2026; x_wconf 83' lang='lat' dir='ltr'>narrationibus</span> <span class='ocrx_word' id='word_1_240' title='bbox 1184 1988 1228 2025; x_wconf 89' lang='lat' dir='ltr'>et</span> <span class='ocrx_word' id='word_1_241' title='bbox 1266 1986 1538 2025; x_wconf 89' lang='lat' dir='ltr'>orationibus</span> <span class='ocrx_word' id='word_1_242' title='bbox 1571 1988 1697 2034; x_wconf 87' lang='lat' dir='ltr'>aptos</span> <span class='ocrx_word' id='word_1_243' title='bbox 1728 1986 1929 2035; x_wconf 85' lang='lat' dir='ltr'>reddidit,</span> <span class='ocrx_word' id='word_1_244' title='bbox 1962 1987 2071 2026; x_wconf 87' lang='lat' dir='ltr'>haec</span> 
     </span>
     <span class='ocr_line' id='line_1_28' title="bbox 238 2053 2064 2103; baseline -0.001 -11"><span class='ocrx_word' id='word_1_245' title='bbox 238 2056 364 2103; x_wconf 91' lang='lat' dir='ltr'>aptos</span> <span class='ocrx_word' id='word_1_246' title='bbox 392 2054 540 2093; x_wconf 91' lang='lat' dir='ltr'>verbis</span> <span class='ocrx_word' id='word_1_247' title='bbox 567 2055 796 2103; x_wconf 89' lang='lat' dir='ltr'>pingendo,</span> <span class='ocrx_word' id='word_1_248' title='bbox 826 2057 954 2103; x_wconf 88' lang='lat' dir='ltr'>aptos</span> <span class='ocrx_word' id='word_1_249' title='bbox 982 2054 1268 2103; x_wconf 87' lang='lat' dir='ltr'>disputand0;</span> <span class='ocrx_word' id='word_1_250' title='bbox 1297 2055 1423 2102; x_wconf 87' lang='lat' dir='ltr'>aptos</span> <span class='ocrx_word' id='word_1_251' title='bbox 1451 2053 1666 2102; x_wconf 62' lang='lat' dir='ltr'>precibus</span> <span class='ocrx_word' id='word_1_252' title='bbox 1700 2055 1825 2101; x_wconf 90' lang='lat' dir='ltr'>aptos</span> <span class='ocrx_word' id='word_1_253' title='bbox 1851 2054 2064 2092; x_wconf 86' lang='lat' dir='ltr'>iratorum</span> 
     </span>
     <span class='ocr_line' id='line_1_29' title="bbox 238 2120 2069 2171; baseline 0.001 -12"><span class='ocrx_word' id='word_1_254' title='bbox 238 2122 386 2170; x_wconf 88' lang='lat' dir='ltr'>minis,</span> <span class='ocrx_word' id='word_1_255' title='bbox 413 2124 542 2170; x_wconf 90' lang='lat' dir='ltr'>aptos</span> <span class='ocrx_word' id='word_1_256' title='bbox 569 2122 838 2161; x_wconf 90' lang='lat' dir='ltr'>clamoribus</span> <span class='ocrx_word' id='word_1_257' title='bbox 865 2123 1209 2171; x_wconf 87' lang='lat' dir='ltr'>desperantium,</span> <span class='ocrx_word' id='word_1_258' title='bbox 1239 2124 1283 2161; x_wconf 88' lang='lat' dir='ltr'>et</span> <span class='ocrx_word' id='word_1_259' title='bbox 1309 2122 1379 2160; x_wconf 87' lang='lat' dir='ltr'>vel</span> <span class='ocrx_word' id='word_1_260' title='bbox 1405 2121 1662 2160; x_wconf 90' lang='lat' dir='ltr'>anhelorum</span> <span class='ocrx_word' id='word_1_261' title='bbox 1681 2120 1826 2159; x_wconf 86' lang='lat' dir='ltr'>verbis</span> <span class='ocrx_word' id='word_1_262' title='bbox 1848 2121 2069 2160; x_wconf 87' lang='lat' dir='ltr'>intercisis</span> 
     </span>
     <span class='ocr_line' id='line_1_30' title="bbox 240 2186 2069 2238; baseline 0 -11"><span class='ocrx_word' id='word_1_263' title='bbox 240 2191 366 2238; x_wconf 90' lang='lat' dir='ltr'>aptos</span> <span class='ocrx_word' id='word_1_264' title='bbox 379 2186 411 2228; x_wconf 60' lang='grc' dir='ltr'>ἢ.</span> <span class='ocrx_word' id='word_1_265' title='bbox 429 2190 568 2228; x_wconf 88' lang='lat' dir='ltr'>Prisci</span> <span class='ocrx_word' id='word_1_266' title='bbox 584 2190 647 2228; x_wconf 92' lang='lat' dir='ltr'>illi</span> <span class='ocrx_word' id='word_1_267' title='bbox 665 2192 892 2229; x_wconf 88' lang='lat' dir='ltr'>ternorum</span> <span class='ocrx_word' id='word_1_268' title='bbox 908 2190 1079 2228; x_wconf 89' lang='lat' dir='ltr'>ictuum</span> <span class='ocrx_word' id='word_1_269' title='bbox 1098 2189 1303 2229; x_wconf 89' lang='lat' dir='ltr'>versiculi</span> <span class='ocrx_word' id='word_1_270' title='bbox 1322 2189 1499 2238; x_wconf 91' lang='lat' dir='ltr'>saepius</span> <span class='ocrx_word' id='word_1_271' title='bbox 1516 2188 1664 2227; x_wconf 89' lang='lat' dir='ltr'>iterati</span> <span class='ocrx_word' id='word_1_272' title='bbox 1681 2197 1808 2226; x_wconf 89' lang='lat' dir='ltr'>aures</span> <span class='ocrx_word' id='word_1_273' title='bbox 1823 2188 2069 2237; x_wconf 87' lang='lat' dir='ltr'>fatigabant</span> 
     </span>
     <span class='ocr_line' id='line_1_31' title="bbox 240 2255 2067 2304; baseline -0.001 -10"><span class='ocrx_word' id='word_1_274' title='bbox 240 2257 406 2295; x_wconf 89' lang='lat' dir='ltr'>tinnitu</span> <span class='ocrx_word' id='word_1_275' title='bbox 449 2257 652 2304; x_wconf 88' lang='lat' dir='ltr'>molesto,</span> <span class='ocrx_word' id='word_1_276' title='bbox 695 2258 862 2296; x_wconf 86' lang='lat' dir='ltr'>centies</span> <span class='ocrx_word' id='word_1_277' title='bbox 903 2259 1052 2296; x_wconf 87' lang='lat' dir='ltr'>autem</span> <span class='ocrx_word' id='word_1_278' title='bbox 1093 2259 1137 2296; x_wconf 87' lang='lat' dir='ltr'>et</span> <span class='ocrx_word' id='word_1_279' title='bbox 1178 2257 1342 2295; x_wconf 90' lang='lat' dir='ltr'>millies</span> <span class='ocrx_word' id='word_1_280' title='bbox 1384 2256 1619 2304; x_wconf 85' lang='lat' dir='ltr'>repetitum</span> <span class='ocrx_word' id='word_1_281' title='bbox 1658 2255 1764 2294; x_wconf 90' lang='lat' dir='ltr'>illud</span> <span class='ocrx_word' id='word_1_282' title='bbox 1795 2273 2004 2294; x_wconf 48' lang='lat' dir='ltr'>oreo-»oo</span> <span class='ocrx_word' id='word_1_283' title='bbox 2021 2274 2067 2294; x_wconf 60' lang='lat' dir='ltr'>„fo</span> 
     </span>
     <span class='ocr_line' id='line_1_32' title="bbox 241 2322 2067 2374; baseline 0 -12"><span class='ocrx_word' id='word_1_284' title='bbox 241 2324 339 2374; x_wconf 91' lang='lat' dir='ltr'>quis</span> <span class='ocrx_word' id='word_1_285' title='bbox 379 2323 576 2363; x_wconf 83' lang='lat' dir='ltr'>tulisset!</span> <span class='ocrx_word' id='word_1_286' title='bbox 621 2324 841 2363; x_wconf 91' lang='lat' dir='ltr'>Nauseam</span> <span class='ocrx_word' id='word_1_287' title='bbox 885 2326 1132 2363; x_wconf 88' lang='lat' dir='ltr'>movissent</span> <span class='ocrx_word' id='word_1_288' title='bbox 1174 2324 1372 2363; x_wconf 88' lang='lat' dir='ltr'>carmina</span> <span class='ocrx_word' id='word_1_289' title='bbox 1409 2322 1648 2371; x_wconf 87' lang='lat' dir='ltr'>prolixiora</span> <span class='ocrx_word' id='word_1_290' title='bbox 1678 2323 1894 2361; x_wconf 91' lang='lat' dir='ltr'>eiusmodi</span> <span class='ocrx_word' id='word_1_291' title='bbox 1925 2325 2067 2362; x_wconf 90' lang='lat' dir='ltr'>metro</span> 
     </span>
     <span class='ocr_line' id='line_1_33' title="bbox 239 2389 2068 2441; baseline -0.001 -11"><span class='ocrx_word' id='word_1_292' title='bbox 239 2392 494 2439; x_wconf 87' lang='lat' dir='ltr'>composita.</span> <span class='ocrx_word' id='word_1_293' title='bbox 529 2391 645 2441; x_wconf 79' lang='lat' dir='ltr'>Quae</span> <span class='ocrx_word' id='word_1_294' title='bbox 678 2395 724 2431; x_wconf 87' lang='lat' dir='ltr'>ut</span> <span class='ocrx_word' id='word_1_295' title='bbox 757 2393 1005 2440; x_wconf 87' lang='lat' dir='ltr'>potuissent</span> <span class='ocrx_word' id='word_1_296' title='bbox 1035 2392 1218 2440; x_wconf 89' lang='lat' dir='ltr'>placere,</span> <span class='ocrx_word' id='word_1_297' title='bbox 1252 2392 1295 2430; x_wconf 91' lang='lat' dir='ltr'>in</span> <span class='ocrx_word' id='word_1_298' title='bbox 1329 2391 1536 2439; x_wconf 88' lang='lat' dir='ltr'>strophas</span> <span class='ocrx_word' id='word_1_299' title='bbox 1563 2389 1855 2428; x_wconf 86' lang='lat' dir='ltr'>distribuendi</span> <span class='ocrx_word' id='word_1_300' title='bbox 1881 2390 2068 2429; x_wconf 83' lang='lat' dir='ltr'>fuissent</span> 
     </span>
     <span class='ocr_line' id='line_1_34' title="bbox 243 2457 2069 2505; baseline 0.001 -10"><span class='ocrx_word' id='word_1_301' title='bbox 243 2458 449 2497; x_wconf 89' lang='lat' dir='ltr'>versiculi</span> <span class='ocrx_word' id='word_1_302' title='bbox 490 2459 633 2498; x_wconf 90' lang='lat' dir='ltr'>aliave</span> <span class='ocrx_word' id='word_1_303' title='bbox 673 2460 840 2498; x_wconf 87' lang='lat' dir='ltr'>ratione</span> <span class='ocrx_word' id='word_1_304' title='bbox 882 2460 926 2497; x_wconf 82' lang='lat' dir='ltr'>in</span> <span class='ocrx_word' id='word_1_305' title='bbox 969 2469 1178 2498; x_wconf 88' lang='lat' dir='ltr'>numeros</span> <span class='ocrx_word' id='word_1_306' title='bbox 1218 2458 1355 2497; x_wconf 90' lang='lat' dir='ltr'>nimis</span> <span class='ocrx_word' id='word_1_307' title='bbox 1396 2457 1621 2505; x_wconf 88' lang='lat' dir='ltr'>simplices</span> <span class='ocrx_word' id='word_1_308' title='bbox 1658 2458 1788 2504; x_wconf 88' lang='lat' dir='ltr'>atque</span> <span class='ocrx_word' id='word_1_309' title='bbox 1820 2457 2069 2505; x_wconf 89' lang='lat' dir='ltr'>aequabiles</span> 
     </span>
     <span class='ocr_line' id='line_1_35' title="bbox 243 2524 2070 2574; baseline -0.001 -11"><span class='ocrx_word' id='word_1_310' title='bbox 243 2525 609 2565; x_wconf 89' lang='lat' dir='ltr'>introducendum</span> <span class='ocrx_word' id='word_1_311' title='bbox 650 2527 807 2565; x_wconf 89' lang='lat' dir='ltr'>fuisset</span> <span class='ocrx_word' id='word_1_312' title='bbox 849 2527 891 2565; x_wconf 92' lang='lat' dir='ltr'>id</span> <span class='ocrx_word' id='word_1_313' title='bbox 930 2527 1043 2574; x_wconf 92' lang='lat' dir='ltr'>quod</span> <span class='ocrx_word' id='word_1_314' title='bbox 1078 2527 1186 2565; x_wconf 90' lang='lat' dir='ltr'>artis</span> <span class='ocrx_word' id='word_1_315' title='bbox 1219 2526 1430 2565; x_wconf 88' lang='lat' dir='ltr'>metricae</span> <span class='ocrx_word' id='word_1_316' title='bbox 1463 2527 1530 2563; x_wconf 88' lang='lat' dir='ltr'>est</span> <span class='ocrx_word' id='word_1_317' title='bbox 1556 2525 1842 2573; x_wconf 88' lang='lat' dir='ltr'>principium:</span> <span class='ocrx_word' id='word_1_318' title='bbox 1876 2524 2070 2564; x_wconf 87' lang='lat' dir='ltr'>varietas</span> 
     </span>
     <span class='ocr_line' id='line_1_36' title="bbox 241 2592 2070 2641; baseline 0.001 -11"><span class='ocrx_word' id='word_1_319' title='bbox 241 2592 409 2641; x_wconf 87' lang='lat' dir='ltr'>legibus</span> <span class='ocrx_word' id='word_1_320' title='bbox 451 2594 685 2641; x_wconf 89' lang='lat' dir='ltr'>adstricta;</span> <span class='ocrx_word' id='word_1_321' title='bbox 720 2597 764 2633; x_wconf 89' lang='lat' dir='ltr'>et</span> <span class='ocrx_word' id='word_1_322' title='bbox 804 2595 875 2633; x_wconf 89' lang='lat' dir='ltr'>vel</span> <span class='ocrx_word' id='word_1_323' title='bbox 918 2596 982 2633; x_wconf 92' lang='lat' dir='ltr'>sic</span> <span class='ocrx_word' id='word_1_324' title='bbox 1014 2595 1238 2634; x_wconf 90' lang='lat' dir='ltr'>tenuiores</span> <span class='ocrx_word' id='word_1_325' title='bbox 1271 2594 1563 2641; x_wconf 87' lang='lat' dir='ltr'>exilioresque</span> <span class='ocrx_word' id='word_1_326' title='bbox 1596 2593 1846 2632; x_wconf 88' lang='lat' dir='ltr'>evasissent</span> <span class='ocrx_word' id='word_1_327' title='bbox 1877 2593 2070 2641; x_wconf 89' lang='lat' dir='ltr'>tripedes</span> 
     </span>
    </p>
   </div>
   <div class='ocr_carea' id='block_1_3' title="bbox 420 2705 566 2708">
    <p class='ocr_par' dir='ltr' id='par_1_6' title="bbox 420 2705 566 2708">
     <span class='ocr_line' id='line_1_37' title="bbox 420 2705 566 2708; baseline 0 0"><span class='ocrx_word' id='word_1_328' title='bbox 420 2705 566 2708; x_wconf 95' lang='lat' dir='ltr'> </span> 
     </span>
    </p>
   </div>
   <div class='ocr_carea' id='block_1_4' title="bbox 243 2769 2071 2968">
    <p class='ocr_par' dir='ltr' id='par_1_7' title="bbox 243 2769 2071 2968">
     <span class='ocr_line' id='line_1_38' title="bbox 245 2769 2071 2812; baseline -0.001 -10"><span class='ocrx_word' id='word_1_329' title='bbox 245 2773 287 2802; x_wconf 86' lang='lat' dir='ltr'>ad</span> <span class='ocrx_word' id='word_1_330' title='bbox 326 2777 352 2802; x_wconf 82' lang='grc' dir='ltr'><em>Σ</em></span> <span class='ocrx_word' id='word_1_331' title='bbox 375 2774 439 2803; x_wconf 82' lang='lat'>570</span> <span class='ocrx_word' id='word_1_332' title='bbox 469 2781 607 2802; x_wconf 83' lang='lat' dir='ltr'>carmen</span> <span class='ocrx_word' id='word_1_333' title='bbox 636 2772 813 2802; x_wconf 80' lang='lat' dir='ltr'>efficiebat</span> <span class='ocrx_word' id='word_1_334' title='bbox 845 2773 976 2810; x_wconf 87' lang='lat' dir='ltr'>Bergk:</span> <span class='ocrx_word' id='word_1_335' title='bbox 1010 2771 1032 2802; x_wconf 88' lang='grc' dir='ltr'><strong>ὦ</strong></span> <span class='ocrx_word' id='word_1_336' title='bbox 1056 2776 1141 2807; x_wconf 66' lang='lat' dir='ltr'>Ain,</span> <span class='ocrx_word' id='word_1_337' title='bbox 1173 2778 1251 2802; x_wconf 79' lang='grc' dir='ltr'>πᾶσι</span> <span class='ocrx_word' id='word_1_338' title='bbox 1284 2777 1389 2802; x_wconf 76' lang='grc' dir='ltr'><em>θεοῖσι</em></span> <span class='ocrx_word' id='word_1_339' title='bbox 1410 2772 1414 2810; x_wconf 93' lang='grc' dir='ltr'>Ι</span> <span class='ocrx_word' id='word_1_340' title='bbox 1435 2772 1581 2807; x_wconf 66' lang='lat' dir='ltr'>tenuive,</span> <span class='ocrx_word' id='word_1_341' title='bbox 1614 2773 1661 2801; x_wconf 88' lang='grc' dir='ltr'>σοὶ</span> <span class='ocrx_word' id='word_1_342' title='bbox 1692 2772 1752 2812; x_wconf 83' lang='grc' dir='ltr'>γὰρ</span> <span class='ocrx_word' id='word_1_343' title='bbox 1783 2772 1901 2801; x_wconf 64' lang='grc' dir='ltr'>ἔδωκαν</span> <span class='ocrx_word' id='word_1_344' title='bbox 1923 2769 1928 2811; x_wconf 94' lang='grc' dir='ltr'>Ι</span> <span class='ocrx_word' id='word_1_345' title='bbox 1948 2774 2071 2811; x_wconf 79' lang='grc' dir='ltr'><em>πρώτωι</em></span> 
     </span>
     <span class='ocr_line' id='line_1_39' title="bbox 243 2823 2068 2866; baseline -0.002 -10"><span class='ocrx_word' id='word_1_346' title='bbox 243 2826 337 2864; x_wconf 78' lang='grc' dir='ltr'><em>μέλοσ</em></span> <span class='ocrx_word' id='word_1_347' title='bbox 362 2828 561 2866; x_wconf 71' lang='grc' dir='ltr'><strong><em>ἀνθρώποισι</em></strong></span> <span class='ocrx_word' id='word_1_348' title='bbox 584 2826 588 2865; x_wconf 89' lang='grc' dir='ltr'>Ι</span> <span class='ocrx_word' id='word_1_349' title='bbox 609 2832 729 2866; x_wconf 79' lang='grc' dir='ltr'><em>φωναῖσ</em></span> <span class='ocrx_word' id='word_1_350' title='bbox 752 2829 895 2866; x_wconf 82' lang='grc' dir='ltr'><em>λιγυραῖσ</em></span> <span class='ocrx_word' id='word_1_351' title='bbox 918 2827 1029 2855; x_wconf 79' lang='grc' dir='ltr'><em>ἀεῖσαι·</em></span> <span class='ocrx_word' id='word_1_352' title='bbox 1050 2823 1055 2866; x_wconf 87' lang='grc' dir='ltr'>Ι</span> <span class='ocrx_word' id='word_1_353' title='bbox 1078 2827 1205 2865; x_wconf 78' lang='grc' dir='ltr'><em>Φοῖβοσ</em></span> <span class='ocrx_word' id='word_1_354' title='bbox 1229 2826 1262 2855; x_wconf 74' lang='grc' dir='ltr'>δὲ</span> <span class='ocrx_word' id='word_1_355' title='bbox 1286 2827 1377 2855; x_wconf 81' lang='grc' dir='ltr'><em>κότωι</em></span> <span class='ocrx_word' id='word_1_356' title='bbox 1398 2825 1423 2854; x_wconf 88' lang='lat' dir='ltr'>o&#39;</span> <span class='ocrx_word' id='word_1_357' title='bbox 1448 2826 1576 2865; x_wconf 76' lang='grc' dir='ltr'>ἀναιρεῖ,</span> <span class='ocrx_word' id='word_1_358' title='bbox 1597 2823 1602 2863; x_wconf 93' lang='grc' dir='ltr'>Ι</span> <span class='ocrx_word' id='word_1_359' title='bbox 1625 2826 1756 2853; x_wconf 82' lang='grc' dir='ltr'><em>Μοῦσαι</em></span> <span class='ocrx_word' id='word_1_360' title='bbox 1784 2823 1815 2853; x_wconf 72' lang='grc' dir='ltr'>δι’</span> <span class='ocrx_word' id='word_1_361' title='bbox 1840 2835 1874 2853; x_wconf 81' lang='grc' dir='ltr'>σε</span> <span class='ocrx_word' id='word_1_362' title='bbox 1899 2824 2068 2863; x_wconf 74' lang='grc' dir='ltr'>θρηνέουσι</span> 
     </span>
     <span class='ocr_line' id='line_1_40' title="bbox 244 2874 2067 2917; baseline -0.002 -10"><span class='ocrx_word' id='word_1_363' title='bbox 244 2878 364 2915; x_wconf 82' lang='lat' dir='ltr'>(carm.</span> <span class='ocrx_word' id='word_1_364' title='bbox 404 2887 483 2917; x_wconf 91' lang='lat' dir='ltr'>pop.</span> <span class='ocrx_word' id='word_1_365' title='bbox 508 2879 554 2916; x_wconf 85' lang='lat'>2),</span> <span class='ocrx_word' id='word_1_366' title='bbox 590 2880 697 2909; x_wconf 88' lang='lat' dir='ltr'>errori</span> <span class='ocrx_word' id='word_1_367' title='bbox 732 2878 889 2913; x_wconf 87' lang='lat' dir='ltr'>debetur,</span> <span class='ocrx_word' id='word_1_368' title='bbox 924 2887 1003 2907; x_wconf 85' lang='lat' dir='ltr'>nam</span> <span class='ocrx_word' id='word_1_369' title='bbox 1035 2877 1228 2907; x_wconf 70' lang='lat' dir='ltr'>hexametris</span> <span class='ocrx_word' id='word_1_370' title='bbox 1257 2878 1487 2916; x_wconf 76' lang='lat' dir='ltr'>compositum</span> <span class='ocrx_word' id='word_1_371' title='bbox 1521 2875 1631 2906; x_wconf 79' lang='lat' dir='ltr'>fuisse</span> <span class='ocrx_word' id='word_1_372' title='bbox 1662 2876 1764 2906; x_wconf 82' lang='lat' dir='ltr'>docet</span> <span class='ocrx_word' id='word_1_373' title='bbox 1795 2876 1903 2905; x_wconf 79' lang='lat' dir='ltr'>schol.</span> <span class='ocrx_word' id='word_1_374' title='bbox 1933 2874 1969 2905; x_wconf 90' lang='lat' dir='ltr'>V.</span> <span class='ocrx_word' id='word_1_375' title='bbox 1994 2875 2067 2905; x_wconf 79' lang='lat' dir='ltr'>Non</span> 
     </span>
     <span class='ocr_line' id='line_1_41' title="bbox 244 2927 2068 2968; baseline -0.002 -8"><span class='ocrx_word' id='word_1_376' title='bbox 244 2930 432 2960; x_wconf 80' lang='lat' dir='ltr'>admodum</span> <span class='ocrx_word' id='word_1_377' title='bbox 469 2933 586 2961; x_wconf 81' lang='lat' dir='ltr'>autem</span> <span class='ocrx_word' id='word_1_378' title='bbox 624 2933 677 2961; x_wconf 84' lang='lat' dir='ltr'>est</span> <span class='ocrx_word' id='word_1_379' title='bbox 707 2931 899 2968; x_wconf 82' lang='lat' dir='ltr'>antiquum,</span> <span class='ocrx_word' id='word_1_380' title='bbox 930 2938 1043 2967; x_wconf 88' lang='lat' dir='ltr'>neque</span> <span class='ocrx_word' id='word_1_381' title='bbox 1071 2928 1164 2959; x_wconf 83' lang='lat' dir='ltr'>inest</span> <span class='ocrx_word' id='word_1_382' title='bbox 1196 2929 1270 2959; x_wconf 83' lang='lat' dir='ltr'>Lini</span> <span class='ocrx_word' id='word_1_383' title='bbox 1300 2938 1423 2960; x_wconf 87' lang='lat' dir='ltr'>nomen</span> <span class='ocrx_word' id='word_1_384' title='bbox 1455 2928 1647 2968; x_wconf 85' lang='lat' dir='ltr'>proprium,</span> <span class='ocrx_word' id='word_1_385' title='bbox 1677 2929 1792 2959; x_wconf 80' lang='lat' dir='ltr'>Maass</span> <span class='ocrx_word' id='word_1_386' title='bbox 1815 2928 1932 2958; x_wconf 88' lang='lat' dir='ltr'>Herm.</span> <span class='ocrx_word' id='word_1_387' title='bbox 1956 2927 2068 2958; x_wconf 84' lang='lat' dir='ltr'>XXIII</span> 
     </span>
    </p>
   </div>
   <div class='ocr_carea' id='block_1_5' title="bbox 246 2979 2101 3128">
    <p class='ocr_par' dir='ltr' id='par_1_8' title="bbox 246 2979 2101 3128">
     <span class='ocr_line' id='line_1_42' title="bbox 246 2979 2069 3020; baseline -0.001 -8"><span class='ocrx_word' id='word_1_388' title='bbox 246 2983 310 3013; x_wconf 81' lang='lat'>303</span> <span class='ocrx_word' id='word_1_389' title='bbox 336 2992 423 3020; x_wconf 70' lang='lat' dir='ltr'>sqq,</span> <span class='ocrx_word' id='word_1_390' title='bbox 447 2983 692 3014; x_wconf 80' lang='lat' dir='ltr'>vWilaniowitz</span> <span class='ocrx_word' id='word_1_391' title='bbox 717 2982 885 3013; x_wconf 84' lang='lat' dir='ltr'>Herakles</span> <span class='ocrx_word' id='word_1_392' title='bbox 910 2983 944 3012; x_wconf 93' lang='lat' dir='ltr'>II</span> <span class='ocrx_word' id='word_1_393' title='bbox 970 2984 1045 3012; x_wconf 88' lang='lat'>120.</span> <span class='ocrx_word' id='word_1_394' title='bbox 1180 2993 1199 3012; x_wconf 80' lang='lat' dir='ltr'>a</span> <span class='ocrx_word' id='word_1_395' title='bbox 1224 2983 1261 3013; x_wconf 90' lang='lat' dir='ltr'>L.</span> <span class='ocrx_word' id='word_1_396' title='bbox 1285 2983 1307 3012; x_wconf 95' lang='lat' dir='ltr'>l.</span> <span class='ocrx_word' id='word_1_397' title='bbox 1335 2983 1397 3013; x_wconf 82' lang='lat'>175</span> <span class='ocrx_word' id='word_1_398' title='bbox 1422 2991 1499 3020; x_wconf 75' lang='lat' dir='ltr'>sqq.</span> <span class='ocrx_word' id='word_1_399' title='bbox 1634 2981 1650 3011; x_wconf 86' lang='lat' dir='ltr'><em>b</em></span> <span class='ocrx_word' id='word_1_400' title='bbox 1675 2983 1708 3011; x_wconf 80' lang='lat' dir='ltr'><em>A</em></span> <span class='ocrx_word' id='word_1_401' title='bbox 1732 2982 1807 3016; x_wconf 78' lang='lat'>141,</span> <span class='ocrx_word' id='word_1_402' title='bbox 1835 2979 1918 3011; x_wconf 85' lang='lat' dir='ltr'>item</span> <span class='ocrx_word' id='word_1_403' title='bbox 1943 2983 1971 3010; x_wconf 86' lang='lat' dir='ltr'><em>P</em></span> <span class='ocrx_word' id='word_1_404' title='bbox 1993 2981 2069 3015; x_wconf 82' lang='lat'>635,</span> 
     </span>
     <span class='ocr_line' id='line_1_43' title="bbox 248 3033 2101 3075; baseline -0.002 -10"><span class='ocrx_word' id='word_1_405' title='bbox 248 3033 311 3065; x_wconf 82' lang='lat'>713</span> <span class='ocrx_word' id='word_1_406' title='bbox 349 3035 364 3064; x_wconf 82' lang='grc' dir='ltr'>ὁ</span> <span class='ocrx_word' id='word_1_407' title='bbox 391 3035 453 3065; x_wconf 81' lang='lat'>577</span> <span class='ocrx_word' id='word_1_408' title='bbox 488 3039 511 3064; x_wconf 80' lang='grc' dir='ltr'><em>θ</em></span> <span class='ocrx_word' id='word_1_409' title='bbox 538 3037 578 3064; x_wconf 77' lang='lat'>34</span> <span class='ocrx_word' id='word_1_410' title='bbox 611 3047 628 3064; x_wconf 84' lang='grc' dir='ltr'>κ</span> <span class='ocrx_word' id='word_1_411' title='bbox 654 3037 717 3065; x_wconf 77' lang='lat'>403</span> <span class='ocrx_word' id='word_1_412' title='bbox 748 3038 763 3064; x_wconf 78' lang='grc' dir='ltr'><strong><em>λ</em></strong></span> <span class='ocrx_word' id='word_1_413' title='bbox 789 3037 807 3065; x_wconf 86' lang='grc'>2</span> <span class='ocrx_word' id='word_1_414' title='bbox 838 3045 860 3064; x_wconf 85' lang='lat' dir='ltr'><em>n</em></span> <span class='ocrx_word' id='word_1_415' title='bbox 886 3036 950 3065; x_wconf 81' lang='lat'>348</span> <span class='ocrx_word' id='word_1_416' title='bbox 982 3047 999 3075; x_wconf 85' lang='grc' dir='ltr'><em>ρ</em></span> <span class='ocrx_word' id='word_1_417' title='bbox 1024 3036 1088 3064; x_wconf 80' lang='lat'>479</span> <span class='ocrx_word' id='word_1_418' title='bbox 1115 3045 1130 3063; x_wconf 79' lang='grc' dir='ltr'><em>τ</em></span> <span class='ocrx_word' id='word_1_419' title='bbox 1155 3036 1230 3064; x_wconf 79' lang='lat'>481.</span> <span class='ocrx_word' id='word_1_420' title='bbox 1409 3043 1426 3064; x_wconf 82' lang='lat' dir='ltr'>c</span> <span class='ocrx_word' id='word_1_421' title='bbox 1449 3036 1484 3064; x_wconf 85' lang='lat' dir='ltr'><em>A</em></span> <span class='ocrx_word' id='word_1_422' title='bbox 1510 3034 1586 3070; x_wconf 80' lang='lat'>438,</span> <span class='ocrx_word' id='word_1_423' title='bbox 1609 3034 1691 3063; x_wconf 83' lang='lat' dir='ltr'>item</span> <span class='ocrx_word' id='word_1_424' title='bbox 1717 3035 1750 3063; x_wconf 83' lang='lat' dir='ltr'><em>A</em></span> <span class='ocrx_word' id='word_1_425' title='bbox 1775 3034 1829 3070; x_wconf 85' lang='lat'>21,</span> <span class='ocrx_word' id='word_1_426' title='bbox 1853 3034 1917 3063; x_wconf 78' lang='lat'>294</span> <span class='ocrx_word' id='word_1_427' title='bbox 1943 3035 1971 3062; x_wconf 87' lang='lat' dir='ltr'><strong><em>P</em></strong></span> <span class='ocrx_word' id='word_1_428' title='bbox 1993 3033 2070 3062; x_wconf 82' lang='lat'><strong>333.</strong></span> <span class='ocrx_word' id='word_1_429' title='bbox 2100 3037 2101 3040; x_wconf 78' lang='grc'>’</span> 
     </span>
     <span class='ocr_line' id='line_1_44' title="bbox 382 3084 2071 3128; baseline -0.002 -12"><span class='ocrx_word' id='word_1_430' title='bbox 382 3086 405 3116; x_wconf 87' lang='lat' dir='ltr'>d</span> <span class='ocrx_word' id='word_1_431' title='bbox 427 3091 455 3116; x_wconf 85' lang='lat' dir='ltr'><em>Z</em></span> <span class='ocrx_word' id='word_1_432' title='bbox 480 3088 555 3121; x_wconf 81' lang='lat'>493,</span> <span class='ocrx_word' id='word_1_433' title='bbox 580 3086 663 3117; x_wconf 82' lang='lat' dir='ltr'>item</span> <span class='ocrx_word' id='word_1_434' title='bbox 690 3090 717 3117; x_wconf 74' lang='lat' dir='ltr'>r&gt;</span> <span class='ocrx_word' id='word_1_435' title='bbox 738 3089 799 3118; x_wconf 81' lang='lat'>145</span> <span class='ocrx_word' id='word_1_436' title='bbox 825 3090 851 3117; x_wconf 81' lang='grc' dir='ltr'><strong><em>Ε</em></strong></span> <span class='ocrx_word' id='word_1_437' title='bbox 871 3089 934 3118; x_wconf 76' lang='lat'>204</span> <span class='ocrx_word' id='word_1_438' title='bbox 958 3086 1052 3121; x_wconf 63' lang='lat'>5238</span> <span class='ocrx_word' id='word_1_439' title='bbox 1067 3099 1083 3128; x_wconf 84' lang='grc' dir='ltr'><em>ρ</em></span> <span class='ocrx_word' id='word_1_440' title='bbox 1100 3088 1173 3117; x_wconf 78' lang='lat'>104.</span> <span class='ocrx_word' id='word_1_441' title='bbox 1309 3097 1326 3117; x_wconf 80' lang='lat' dir='ltr'>e</span> <span class='ocrx_word' id='word_1_442' title='bbox 1344 3089 1372 3116; x_wconf 83' lang='lat' dir='ltr'><em>A</em></span> <span class='ocrx_word' id='word_1_443' title='bbox 1393 3088 1456 3117; x_wconf 79' lang='lat'>403</span> <span class='ocrx_word' id='word_1_444' title='bbox 1477 3084 1521 3116; x_wconf 76' lang='lat' dir='ltr'>al.</span> <span class='ocrx_word' id='word_1_445' title='bbox 1648 3085 1711 3125; x_wconf 54' lang='grc' dir='ltr'>,ῖς</span> <span class='ocrx_word' id='word_1_446' title='bbox 1735 3085 1810 3115; x_wconf 83' lang='lat'><strong>130.</strong></span> <span class='ocrx_word' id='word_1_447' title='bbox 1941 3094 1962 3124; x_wconf 75' lang='lat' dir='ltr'>q</span> <span class='ocrx_word' id='word_1_448' title='bbox 1983 3084 2071 3123; x_wconf 68' lang='lat'>512.</span> 
     </span>
    </p>
   </div>
   <div class='ocr_carea' id='block_1_6' title="bbox 382 3138 616 3169">
    <p class='ocr_par' dir='ltr' id='par_1_9' title="bbox 382 3138 616 3169">
     <span class='ocr_line' id='line_1_45' title="bbox 382 3138 616 3169; baseline 0.004 -1"><span class='ocrx_word' id='word_1_449' title='bbox 382 3138 401 3168; x_wconf 81' lang='grc' dir='ltr'>Ιι</span> <span class='ocrx_word' id='word_1_450' title='bbox 426 3143 448 3168; x_wconf 72' lang='grc' dir='ltr'><em>Σ</em></span> <span class='ocrx_word' id='word_1_451' title='bbox 475 3140 616 3169; x_wconf 84' lang='grc'>18-21.</span> 
     </span>
    </p>
   </div>
  </div>
 </body>
</html>
