2234 3443
137 206 166 251 ξ
199 204 267 252 95,
301 204 373 249 96]
833 214 888 241 nn
919 213 1258 242 Pssouommssus.
1869 203 1955 241 209

257 327 372 366 Vitio
406 327 496 366 vim
529 323 756 366 insolitam
788 327 915 366 debet
946 336 1185 375 pronomen
1217 326 1261 364 in
1292 326 1373 364 hoc
1407 336 1558 365 versu:

376 392 545 444 ἀνδράσι
576 394 834 444 μαρνάμενοσ
866 392 999 443 ὀάρων
1031 391 1145 432 ἕνεκα
1178 392 1419 443 σφετεράων,

138 461 212 501 ubi
243 461 475 510 legendum
507 463 574 500 est
605 457 979 511 μαρναμένοισ’(ι)α.

260 595 386 635 Haud
417 605 515 634 raro
547 595 879 644 pronominibus
910 595 1174 644 possessivis
1205 595 1436 634 adiunctus
1468 597 1536 634 est
1567 595 1789 643 genitivus
1821 593 1961 644 αὐτοῦ,

132 668 244 712 -τίἶσ,
273 668 371 700 -τῶν
384 658 411 700 b.
441 662 520 703 EX.
553 673 639 711 gn:
673 668 749 701 σιἰσ
781 661 907 701 αὐτοῦ
940 665 1162 711 κεφαλῆσθ,
1192 663 1275 714 μὴν
1309 661 1433 700 αὐτοῦ
1451 659 1485 712 d,
1514 662 1622 715 fo‘bo‘
1654 660 1781 700 αὖτῗισ
1794 670 1821 700 ⁶.

256 796 536 836 Adiectivum
578 797 697 845 φίλοσ
738 797 893 837 multis
924 797 1030 836 locis
1062 797 1302 846 possessivi
1332 797 1421 836 fere
1453 797 1595 836 vicem
1627 796 1732 846 obit,
1766 807 1835 836 ex,
1869 807 1956 846 gr.:

134 865 360 915 κατεπλάγη
408 863 526 912 φίλον
571 859 703 915 ἧτορΐ
742 865 833 904 vel:
877 863 995 915 εἰμὴ
1036 863 1111 916 ἐγώ
1152 878 1193 903 σε
1235 863 1369 913 λαβὼν
1411 863 1490 903 ἀπὸ
1533 861 1605 914 μὲν
1647 865 1744 912 φίλα
1785 864 1957 916 felicum

64 973 66 976 ,
131 931 288 970 dal-60³9.
338 931 589 971 Cuiusmodi
636 932 744 971 locis
791 934 972 981 apparet
1013 933 1164 981 stirpis
1207 932 1274 971 vis
1314 932 1538 981 primaria,
1580 941 1691 980 quae
1732 933 1776 970 et
1807 933 1960 980 postea

135 999 377 1048 permansit
419 998 552 1038 verbo
593 999 878 1048 impersonali
910 1002 1022 1048 φιλεῖ
1047 1000 1141 1038 sive
1173 1000 1329 1039 assolet.
1363 998 1587 1047 Significat
1620 999 1738 1038 enim
1771 999 1813 1037 id
1847 999 1959 1047 quod

130 1066 354 1115 proprium
400 1063 512 1114 esth,
560 1067 604 1104 et
650 1066 701 1105 de
748 1066 1001 1105 hominibus
1047 1067 1214 1106 dictum
1261 1076 1361 1105 eum
1409 1076 1492 1114 quo
1548 1066 1644 1113 quis
1684 1066 1958 1114 familiariter

135 1133 286 1173 utitur.
329 1133 482 1180 Itaque
524 1133 748 1173 Musarum
791 1134 1126 1182 Gratiarumque
1166 1134 1273 1173 illud
1314 1144 1514 1173 carmen:
1559 1133 1637 1171 ὅττι
1677 1132 1799 1171 καλὸν
1837 1133 1956 1180 φίλον

133 1197 226 1248 ἐστί,
264 1199 307 1238 τὸ
349 1196 383 1238 δ’
429 1199 477 1238 οὐ
517 1200 639 1238 καλὸν
673 1200 721 1239 οὐ
755 1202 874 1249 φίλον
907 1199 1021 1247 ἐστίί,
1053 1203 1100 1240 ut
1131 1202 1213 1241 hoc
1244 1201 1448 1250 exemplo
1481 1202 1670 1247 utamur,
1706 1199 1953 1249 significat:

127 1268 330 1316 »quicquid
366 1268 567 1316 pulcrum
599 1272 666 1317 est,
699 1269 816 1308 nobis
847 1272 902 1308 est
929 1271 1153 1318 proprium
1165 1281 1180 1315 ;
1209 1270 1245 1308 si
1274 1269 1376 1318 quid
1405 1279 1499 1307 vero
1534 1279 1615 1307 non
1656 1271 1710 1307 est
1737 1268 1953 1317 pulcrum,

132 1335 177 1374 id
216 1346 243 1374 α
284 1335 400 1374 nobis
443 1338 497 1375 est
529 1336 733 1384 alienum,
766 1333 862 1386 ἡμῖν
894 1335 941 1375 οὐ
974 1337 1181 1386 προσήκει,
1212 1333 1286 1374 ἀλλ’
1325 1334 1505 1385 ἄμουσόν
1539 1335 1617 1374 ἐστι
1648 1335 1714 1374 καὶ
1745 1334 1872 1385 ἄχαρι.
1902 1335 1955 1374 Et

133 1402 347 1450 φιλότητοσ
375 1403 496 1441 vocis
523 1404 765 1442 amatoriae
793 1404 860 1442 vis
886 1404 1011 1443 facile
1039 1404 1292 1452 agnoscitur
1310 1404 1470 1443 collata
1485 1404 1704 1444 locutione
1721 1404 1954 1443 hodierna:

130 1471 186 1508 tot
211 1470 259 1508 de
283 1469 388 1519 zio'ne
412 1469 578 1518 malven,
607 1471 850 1518 similibus;
879 1482 964 1510 non
990 1471 1260 1520 tautologiae
1286 1472 1421 1520 igitur
1447 1471 1607 1519 aliquid
1634 1472 1766 1511 habet
1781 1471 1954 1520 epicum

129 1537 310 1587 φιλότητι
337 1535 404 1575 καὶ
424 1536 538 1576 εὐνΐὶι
555 1537 781 1589 μιγήμεναι,
797 1541 845 1577 ut
863 1537 1086 1589 ἀγορήσατο
1104 1537 1171 1576 καὶ
1192 1537 1390 1590 μετέρειπε
1413 1539 1482 1577 vel
1499 1538 1681 1588 πύματόσ
1699 1553 1736 1577 τε
1753 1537 1818 1576 καὶ
1835 1538 1954 1576 ὕστα-

131 1616 212 1655 τοσ,
251 1605 326 1644 sed
368 1605 411 1644 id
451 1605 568 1644 valet
599 1607 733 1653 quod:
778 1609 811 1644 et
852 1607 970 1645 corde
1001 1609 1034 1644 et
1066 1617 1232 1655 corpore
1262 1604 1428 1655 iunyij.
1462 1606 1655 1646 Posteris
1687 1608 1835 1645 autem
1867 1616 1953 1645 vox

129 1672 240 1719 κύλιξ
281 1673 491 1722 φιλοτησία
533 1673 575 1711 id
619 1675 712 1712 erat
743 1674 855 1722 quod
890 1673 1146 1712 Germanice
1177 1674 1334 1712 dicitur
1366 1673 1668 1722 Bruderschafi
1698 1673 1874 1721 trinken,
1909 1676 1953 1713 et

122 1739 311 1779 osculari
332 1739 585 1788 significans
617 1743 783 1791 φιλῆσαι
813 1742 984 1790 proprie
1015 1741 1190 1780 valebat
1220 1751 1347 1780 auum
1373 1742 1510 1790 facere
1538 1741 1606 1780 vel
1631 1741 1709 1780 sibi
1726 1742 1950 1782 vindicare.

234 2039 324 2079 111.
355 2040 426 2079 De
461 2040 848 2089 pronominibus
878 2040 1299 2081 demonstrativis
1327 2044 1376 2080 et
1404 2041 1832 2082 determinativis.

248 2158 277 2215 5
308 2161 385 2204 96.
433 2162 679 2202 Pronomen
726 2163 846 2212 illud,
894 2163 1006 2212 quod
1053 2165 1206 2212 postea
1245 2165 1413 2204 articuli
1451 2165 1629 2204 nomine
1671 2165 1949 2213 designatum

120 2231 209 2278 est,
251 2230 295 2268 in
337 2229 489 2279 lingua
529 2230 655 2280 epica
697 2230 836 2269 officio
879 2231 1150 2279 pronominis
1196 2231 1536 2271 demonstrativi
1582 2231 1860 2281 fungebatur,
1908 2233 1952 2271 vi

128 2296 338 2345 primaria
378 2297 571 2336 nondum
614 2297 866 2336 imminuta.
910 2297 1130 2347 Quomodo
1163 2299 1222 2337 sit
1257 2299 1421 2339 flexum
1453 2299 1617 2338 indicat
1649 2299 1811 2338 tabella
1842 2309 1950 2348 quae

129 2363 351 2411 sequitur:

279 2429 324 2468 ὅσ
400 2431 495 2471 Sive
529 2431 549 2470 ὅ
699 2431 740 2470 τό
803 2431 828 2470 si
948 2432 999 2470 τώ
1121 2433 1182 2471 τοί
1210 2434 1306 2472 Sive
1337 2433 1382 2472 οἵ
1436 2434 1482 2472 τά
1544 2434 1607 2472 ταί
1639 2435 1733 2473 Sive
1766 2432 1813 2472 αἶ’

278 2496 347 2536 τόν
705 2530 722 2548 „
800 2501 873 2539 τήν
977 2530 995 2549 ‚‚
1116 2501 1213 2539 τούσ
1447 2532 1464 2551 „
1543 2496 1614 2540 τᾶσ

278 2567 361 2603 τοῖο
441 2595 459 2614 ‚,
525 2571 596 2604 τοῦ
801 2571 874 2605 τίἰσ
949 2570 1049 2606 τοῖιν
1117 2573 1194 2605 τῶν
1541 2564 1646 2607 τάων

276 2637 343 2670 τῶι
793 2639 858 2672 τίἷι
1116 2637 1217 2673 τοῖσι
1542 2642 1657 2675 τῐίισι.

246 2699 278 2737 Ε
324 2698 493 2738 duabus
542 2701 675 2749 igitur
721 2701 931 2750 stirpibus
975 2667 1215 2751 procrevit:
1265 2703 1401 2752 stirps
1448 2715 1492 2742 σο
1539 2704 1737 2752 praebuit
1782 2704 1948 2743 formas

124 2764 219 2816 «δ’(σ),
258 2765 298 2815 ἦ,
338 2766 388 2816 οἴ,
424 2766 478 2817 αἴ,
523 2767 710 2807 latinum
756 2769 825 2818 sic,
865 2771 1065 2809 nostrum
1096 2780 1188 2818 2003
1221 2772 1390 2810 ceteras
1421 2771 1554 2821 stirps
1585 2786 1641 2821 το,
1671 2781 1780 2819 quae
1813 2771 1947 2810 etiam

217 2913 237 2933 a
260 2907 280 2933 Ι
300 2905 377 2934 327.
401 2905 515 2935 Etiam
539 2905 561 2935 l.
585 2914 613 2935 a.
650 2909 676 2935 Σ
697 2907 760 2937 210
801 2918 820 2936 α
845 2907 909 2937 402
941 2919 957 2936 ν
982 2908 1047 2938 320
1070 2908 1194 2938 vitiosa
1225 2910 1288 2945 est,
1314 2917 1429 2947 neque
1456 2912 1549 2939 recte
1587 2913 1603 2938 1
1629 2910 1705 2945 133,
1731 2909 1795 2939 275
1834 2912 1864 2939 T
1883 2910 1946 2941 176

130 2959 152 2995 β
175 2957 239 2986 206
263 2966 326 2995 pro
352 2962 411 2995 τῆσ
435 2959 508 2988 sive
531 2958 601 2988 eius
627 2957 844 2997 propositum
870 2961 924 2990 est
946 2965 1019 2998 fr‘Ja.
1185 2961 1201 2991 b
1228 2961 1248 3000 ξ
1273 2963 1326 2992 98.
1494 2971 1510 2991 c
1534 2973 1549 2991 ο
1573 2962 1649 2992 262.
1672 2962 1805 2992 Similia
1828 2964 1860 2992 K
1883 2963 1947 2993 204

131 3019 152 3037 oe
175 3009 206 3044 7,
228 3010 293 3039 409
317 3013 338 3049 β
360 3009 403 3040 45
428 3017 449 3039 n
475 3011 550 3041 197.
695 3010 719 3041 d
741 3015 758 3041 1
782 3012 857 3048 342,
882 3012 980 3042 codd.
1012 3012 1066 3051 τὴν
1091 3015 1197 3048 αὐτοῦ,
1224 3023 1302 3053 pag.
1328 3015 1391 3044 210
1408 3013 1429 3043 l.
1576 3023 1592 3043 e
1615 3014 1696 3044 Hes.
1720 3014 1849 3053 Theog.
1870 3014 1947 3046 470.

262 3061 286 3098 f
306 3064 338 3092 Γ
357 3063 410 3093 31.
563 3073 586 3103 q
614 3066 639 3093 B
664 3064 739 3094 261.
897 3063 918 3094 h
944 3065 1180 3104 synonymum
1204 3066 1276 3097 fere
1301 3068 1354 3096 est
1376 3063 1529 3106 (offldcoo
1551 3065 1712 3106 privatus,
1737 3067 1830 3106 qnod
1854 3067 1948 3106 apud

120 3111 318 3144 'Homerum
342 3123 410 3145 non
434 3113 502 3146 nisi
525 3128 543 3153 γ
568 3117 609 3146 82
635 3117 651 3146 ὁ
677 3117 742 3147 314
765 3115 953 3155 invenitur,
972 3127 1052 3156 pag.
1079 3120 1141 3149 143
1155 3117 1182 3149 b.
1323 3118 1335 3148 ι’
1358 3117 1551 3156 Theognid.
1574 3119 1626 3149 17.
1762 3119 1784 3160 j
1805 3122 1946 3161 φιλότητι

128 3162 237 3194 etiam
257 3166 384 3205 hospes
408 3168 481 3198 sine
505 3166 648 3199 crimine
674 3170 811 3207 poterat
835 3168 949 3208 accipi
974 3179 992 3200 a
1016 3170 1162 3201 muliere
1186 3172 1305 3209 nupta,
1336 3180 1352 3200 τ
1376 3171 1451 3201 310.
1477 3171 1527 3201 Of.
1553 3173 1584 3200 Γ
1604 3172 1678 3202 354.

201 3220 276 3251 van
295 3222 468 3253 Leeuwen.
485 3224 724 3255 Enchiridium.
1804 3229 1839 3257 14
