2234 3443
183 151 206 196 ἓ
239 150 339 195 315]
830 159 885 188 ns
917 158 1341 188 PRAEPOSITIONIBUS.
1909 146 1995 185 379

178 273 252 313 ubi
284 273 420 312 Γίλιον
450 272 540 313 εἴσω
571 273 686 313 idem
719 270 839 312 val'et
869 273 984 322 quod
1017 271 1075 311 εῑσ
1109 271 1244 310 Ρίλιον
1275 271 1345 311 vel
1378 270 1561 310 Ρίλιόνδε
1586 270 1658 309 vel
1688 268 1747 308 εἰσ
1780 267 1995 308 Είλιόνδεα

180 341 250 380 vel
280 341 423 381 nudus
454 341 735 380 accusativus
766 339 903 380 Εἰλιον
918 336 949 379 b.

298 408 452 448 Aliena
494 408 546 447 ab
588 408 710 457 epica
749 408 794 446 et
830 407 1008 446 omnino
1041 416 1066 445 3
1098 406 1268 455 poetica
1302 405 1490 445 dictione
1523 404 1606 444 fuit
1636 404 1898 453 praepositio
1930 401 2000 453 ὡσ,

179 485 264 523 qua
294 478 447 525 postea
477 475 546 514 usi
577 476 681 514 sunt
711 474 1019 522 Athenienses,
1062 473 1178 512 idem
1211 473 1325 521 quod
1358 471 1417 511 εἰσ
1449 472 1520 511 vel
1550 470 1654 522 πρόσ
1685 471 1852 511 valens.
1885 471 1996 510 Nam

178 542 223 580 in
254 542 337 582 hoc
367 552 521 582 versu:

530 606 587 647 ὡσ
617 606 693 646 αἰεὶ
723 606 792 646 τὸν
824 605 968 657 ὅμοῖον
998 604 1084 658 ἄγει
1111 605 1212 645 θεὸσ
1244 605 1304 645 εἰσ
1334 605 1402 645 τὸν
1436 603 1605 656 ὅμοῖονθ

175 675 304 715 100110
335 676 473 716 altera
503 674 560 715 ὥσ
590 675 657 714 τὸν
689 673 829 725 ὁμοῖον
860 674 1051 714 librariis
1083 674 1278 723 debetur,
1313 684 1399 713 non
1431 675 1584 722 poetae
1596 670 1629 715 d.

292 824 336 869 5.
368 827 684 876 Praepositioni
711 822 758 866 ἐν
790 836 920 874 saepe
951 825 1201 864 submissus
1232 826 1298 864 est
1330 835 1465 864 sonus
1499 835 1529 877 ι,
1561 824 1740 863 locativi
1771 823 1945 872 signum
1963 830 1994 863 e.

175 893 319 933 Facile
359 895 506 933 autem
549 894 690 943 potuit
731 893 824 932 fieri
864 895 913 932 ut
952 893 1186 942 postmodo
1226 890 1268 930 ἐν
1309 892 1572 931 scriberetur
1612 892 1720 931 10018
1757 890 1996 940 nonnullis,

175 960 247 1000 ubi
282 963 410 1010 poeta
450 960 659 1009 ampliore
700 960 844 999 forma
882 957 945 998 ἐνί
984 961 1102 998 esset
1144 969 1263 998 usus.
1308 959 1460 1007 Itaque
1505 959 1745 998 lectionum
1769 954 1902 1009 ’τράφ’
1937 956 1995 996 ἐνὶ

174 1028 345 1080 μεγάρωι
386 1029 429 1068 01
462 1023 610 1078 ’τράφη
636 1027 721 1073 (vel
745 1023 916 1078 ’τράφετ’
949 1027 1018 1066 vel
1047 1022 1230 1077 ’τράφεν)
1263 1024 1305 1064 ἐν
1337 1026 1622 1075 praeferenda
1660 1028 1728 1065 est
1757 1022 1918 1075 priorf,
1951 1027 1995 1065 et

173 1095 217 1134 in
258 1095 339 1135 hoc
380 1094 683 1134 hemistichio:
729 1093 840 1144 εὕροι
881 1089 916 1131 δ’
964 1091 1007 1131 ἐν
1047 1092 1210 1143 πήματα
1253 1092 1399 1145 folmu
1436 1093 1626 1132 fortasse
1659 1095 1857 1143 praestat
1888 1091 1993 1132 s’viff.

173 1162 256 1202 Sed
300 1163 470 1202 incerta
514 1164 619 1200 sunt
665 1158 817 1210 taliah,
860 1163 903 1200 et
944 1171 967 1200 e
1008 1161 1235 1209 primitiva
1275 1160 1418 1199 forma
1457 1159 1500 1199 ἐν
1540 1161 1745 1209 quoniam
1790 1170 1889 1199 cum
1935 1159 1995 1197 εἰσ

173 1233 244 1274 (=
263 1228 384 1274 ἓν-σε)
411 1231 508 1268 tum
540 1227 602 1267 ἑνί
630 1229 860 1277 procrevit,
895 1230 1151 1277 suspectum
1184 1229 1227 1266 in
1260 1228 1404 1276 prisca
1435 1229 1555 1276 poesi
1587 1226 1630 1266 ἐν
1662 1238 1760 1267 0880
1792 1228 1956 1275 nequit.

289 1296 435 1336 Tertia
466 1306 569 1335 vero
602 1296 732 1334 huius
763 1295 1101 1344 praepositionis
1133 1294 1273 1343 figura
1304 1294 1375 1344 εῖν,
1407 1305 1516 1342 quae
1549 1295 1593 1333 in
1627 1295 1848 1334 codicibus
1880 1294 1996 1334 haud

172 1373 273 1402 rara
312 1365 393 1412 est,
436 1363 617 1402 debetur
661 1363 809 1402 errori.
842 1362 1007 1410 Nempe
1038 1363 1303 1411 praepositio
1335 1360 1376 1399 ἐν
1409 1372 1508 1401 cum
1540 1363 1718 1401 nomine
1751 1372 1829 1401 suo
1860 1372 1995 1410 unam

172 1440 324 1469 vocem
365 1430 555 1469 efficiens
597 1451 649 1457 —
693 1430 735 1468 id
777 1430 888 1477 quod
930 1429 1093 1468 indicat
1132 1432 1340 1468 accentus
1373 1430 1566 1468 omissus
1598 1451 1652 1456 —
1687 1430 1820 1468 etiam
1854 1429 1996 1469 vocali

171 1499 381 1546 sequente
412 1498 531 1536 arsin
562 1499 735 1546 poterat
766 1497 956 1545 explere,
989 1498 1027 1535 si
1057 1497 1204 1545 plures
1236 1499 1522 1544 sequerentur
1553 1497 1721 1545 breves,
1755 1499 1804 1535 ut
1835 1507 1994 1536 vocum

171 1562 369 1613 ἐπίτονοσ,
399 1564 596 1615 Ζεφυρίη,
627 1564 814 1603 aliarum
847 1564 1019 1612 syllaba
1049 1564 1232 1602 101113118
1247 1563 1271 1602 i.
1304 1564 1365 1602 Ea
1401 1564 1533 1611 igitur
1564 1563 1659 1611 lege
1693 1564 1925 1603 tenebatur
1952 1562 1994 1602 ἐν

169 1628 344 1683 ἁγορῐῖι]
373 1642 459 1681 qua
490 1630 662 1682 ἐνόδιοσ,
690 1632 914 1681 probanda
939 1633 1087 1670 autem
1114 1642 1201 1670 non
1229 1634 1333 1670 sunt
1359 1641 1470 1680 quae
1496 1631 1715 1680 plerisque
1743 1631 1996 1670 huiusmodi

166 1700 274 1739 10018
312 1701 475 1740 habent
516 1700 707 1740 codices:
752 1700 810 1738 εἰν
852 1698 1009 1751 ἀγορῖιι,
1049 1699 1238 1749 εἰνόδιοσ,
1278 1700 1454 1745 similia,
1489 1702 1532 1738 et
1564 1699 1743 1738 omnino
1775 1699 1994 1737 reicienda

169 1769 237 1806 est
262 1768 407 1816 opinio
435 1778 587 1807 eorum
613 1768 685 1815 qui
715 1767 918 1806 voculam
945 1766 1004 1805 εῖν
1032 1768 1075 1805 10
1102 1768 1197 1815 ipsa
1224 1767 1374 1815 lingua
1402 1767 1606 1805 extitisse
1633 1765 1947 1814 perhibuerunt
1959 1763 1993 1805 k.

170 1834 376 1883 Typhoeo
416 1837 545 1884 poeta
586 1835 770 1874 Latinus
810 1835 967 1873 durum
1010 1834 1149 1873 cubile
1192 1834 1381 1873 Inarime
1419 1844 1505 1873 non
1536 1834 1761 1872 tribuisset
1775 1829 1798 1882 l,
1832 1834 1869 1871 si
1900 1843 1992 1872 ver-

170 1912 268 1941 sum
301 1902 439 1941 hunc:

522 1967 565 2007 ἐν
596 1965 801 2020 Ἀρίμοισ’,
833 1968 902 2008 ὅθι
935 1966 1035 2018 φασὶ
1071 1966 1266 2017 Τυφωέοσ
1297 1966 1464 2018 ἔμμεναι
1495 1966 1659 2006 εὐνι>ἱσ7η

167 2045 252 2074 000
301 2046 323 2075 0
369 2036 477 2075 libro
523 2036 696 2076 litteras
736 2047 962 2088 ειναριμοισ
1004 2036 1230 2075 exhibenti
1272 2036 1500 2075 habuisset
1543 2035 1780 2084 cognitum,
1824 2035 1896 2074 sed
1936 2045 1993 2074 ex

170 2113 242 2142 ore
273 2105 440 2152 poetae.

307 2170 438 2209 Vocis
481 2168 540 2208 εἰν
571 2167 637 2209 ἁλί
667 2179 802 2210 veron
829 2182 884 2210 ex
925 2169 967 2209 ἐν
994 2169 1086 2208 σαλί
1109 2172 1239 2209 03130
1271 2172 1314 2209 01
1345 2170 1551 2208 adiectivi
1583 2169 1787 2208 εἰνάλιοσο
1819 2170 1989 2218 syllaba

166 2237 349 2276 initialis
389 2238 605 2286 positione
646 2239 728 2278 fuit
765 2239 999 2287 producta;
1034 2238 1278 2277 cuiusmodi
1309 2237 1536 2286 productio
1569 2237 1838 2286 suppletoria
1867 2247 1991 2287 pseu-

166 2305 488 2354 dodiphthongo
520 2319 554 2344 ει
585 2306 754 2346 solebat
786 2307 1017 2346 iudicarim

254 2486 274 2506 a
308 2477 353 2507 Ut
372 2489 390 2507 κ
415 2477 491 2508 351.
647 2476 662 2506 b
697 2477 716 2516 ξ
743 2478 796 2507 49.
949 2486 964 2507 c
999 2489 1016 2517 ρ
1041 2478 1118 2506 218.
1264 2475 1287 2506 d
1319 2475 1355 2506 Si
1380 2477 1423 2506 ὡσ
1451 2477 1640 2514 genuinum
1665 2478 1769 2511 esset,
1789 2484 1926 2506 versum
1951 2476 1986 2505 in

165 2529 279 2559 Attica
301 2537 384 2559 aevo
408 2530 600 2559 recentiore
619 2532 738 2559 natum
760 2538 836 2559 0880
858 2529 937 2559 inde
959 2529 1174 2564 efficeretur3
1197 2528 1258 2558 sed
1271 2529 1306 2558 in
1320 2527 1464 2567 optimis
1478 2527 1659 2558 codicibus
1671 2527 1990 2563 081εἶσ,1113011081ο

166 2583 282 2612 autem
311 2582 395 2612 vitio
426 2585 470 2612 ὼσ
499 2583 603 2612 etiam
635 2593 653 2611 σ
680 2583 742 2612 122
774 2594 792 2612 υ
818 2583 879 2612 199
906 2590 968 2620 pro
993 2583 1038 2611 εἰσ
1062 2582 1096 2611 in
1119 2584 1217 2619 parte
1243 2581 1399 2611 codicum
1425 2584 1478 2611 est
1502 2579 1689 2618 scriptum:
1713 2582 1758 2610 ὥσ
1781 2590 1839 2620 περ
1864 2582 1985 2610 ὀπίσσω

166 2642 228 2672 pro
251 2635 298 2663 ιῖσ
322 2643 355 2664 n.
377 2635 400 2664 ὀ.
535 2644 551 2664 e
574 2636 655 2672 Pag.
682 2635 786 2665 157v.
920 2634 952 2675 f
971 2637 999 2664 Β
1024 2636 1101 2671 661,
1126 2631 1280 2672 5149103.
1418 2643 1440 2673 9
1474 2646 1483 2663 ι
1501 2633 1564 2663 535
1590 2636 1606 2662 λ
1628 2634 1704 2669 115,
1727 2632 1860 2663 Bekker
1884 2633 1984 2663 Hom.

166 2685 298 2716 Blatter
333 2687 407 2716 145.
443 2684 554 2717 Causa
589 2688 716 2717 erroris
750 2687 861 2726 aperti
896 2687 963 2716 fuit
999 2689 1029 2716 ἐν
1063 2695 1126 2726 pro
1157 2688 1202 2716 ἐνί
1226 2688 1395 2725 scriptum
1419 2685 1505 2717 Hes.
1531 2686 1660 2723 Theog.
1688 2687 1740 2722 61,
1776 2695 1853 2725 pag.
1879 2686 1943 2717 286
1959 2695 1989 2718 c.

298 2737 318 2768 Ιι
351 2739 401 2769 La
423 2739 538 2769 Boche
562 2740 662 2769 Hom.
685 2740 821 2770 Unteis.
845 2739 880 2769 11
907 2740 968 2769 139
994 2747 1070 2777 sqq.
1249 2738 1261 2768 i
1296 2738 1315 2777 ξ
1342 2740 1394 2768 21.
1552 2737 1574 2778 j
1611 2741 1647 2768 H
1667 2739 1730 2768 382
1755 2738 1816 2774 111.;
1843 2738 1928 2768 item
1954 2741 1984 2768 ἐν

165 2792 290 2830 bifidae
320 2795 354 2822 X
377 2792 418 2821 52
451 2791 506 2827 al„
537 2793 568 2821 ἐν
595 2791 722 2829 ’ledum
752 2795 774 2831 β
798 2791 862 2821 256
895 2791 953 2827 al„
986 2792 1016 2820 ἐν
1040 2787 1238 2831 ᾍρίμοισ’(ι)
1263 2793 1293 2820 Β
1319 2791 1382 2821 ’783
1407 2790 1489 2820 ΗΘΒ.
1514 2790 1644 2828 Theog.
1669 2791 1746 2825 304,
1769 2792 1801 2819 ἐν
1823 2789 1984 2831 ’Rev-‘him

165 2845 246 2875 Hes.
276 2844 406 2882 Theog.
438 2845 516 2883 983,
546 2846 577 2873 ἐν
606 2846 682 2884 ἱερῆι
715 2845 743 2873 Ε
763 2844 840 2878 446,
865 2845 896 2872 ἐν
920 2843 1010 2873 ὕδατι
1045 2855 1055 2873 ι
1080 2844 1157 2879 392,
1187 2845 1218 2872 ἂν
1242 2845 1350 2872 ἐλεοῖσι
1384 2841 1401 2876 ξ
1424 2843 1502 2878 432,
1524 2844 1595 2871 tres
1619 2838 1735 2872 3111010
1760 2850 1862 2871 voces
1886 2844 1918 2871 ἐν
1941 2843 1984 2872 ἑνὶ

163 2898 274 2939 δίφρωι
310 2899 337 2927 Ε
360 2897 423 2927 160
457 2895 561 2926 unius
594 2894 703 2926 instar
734 2897 825 2932 sunt,
854 2897 893 2926 01
923 2896 974 2926 διὰ
1003 2897 1061 2932 μὲν
1091 2896 1229 2925 ἀσπίδοσ
1259 2898 1294 2925 01
1318 2893 1448 2925 similia
1471 2894 1490 2933 ξ
1516 2895 1569 2924 22.
1593 2894 1839 2933 Compluribus
1861 2894 1982 2925 huius-

162 2948 297 2980 cemodi
320 2949 406 2979 locis
428 2949 464 2978 in
488 2951 586 2987 parte
610 2948 767 2978 codicum
792 2950 823 2978 ἐν
846 2950 900 2978 081
925 2948 1107 2986 scriptum,
1131 2957 1184 2977 ex.
1207 2956 1257 2986 gr.
1283 2959 1300 2976 ν
1325 2947 1388 2977 135
1411 2947 1447 2976 in
1471 2944 1610 2977 G²FM.
1781 2945 1802 2976 k
1837 2946 1983 2977 Vetusta

163 3003 240 3040 fuit,
263 3011 342 3033 nam
366 3000 402 3032 in
422 3000 479 3032 VIi
498 3001 630 3031 saeculi
651 3000 878 3039 inscriptione
902 2999 1022 3030 Ionica
1043 3001 1106 3030 ιὶ49
1131 3000 1159 3029 A
1179 3001 1222 3029 εἰν
1240 3005 1293 3029 τῶι
1313 3001 1436 3039 nonime
1456 3001 1510 3029 est
1529 3001 1716 3030 exaratum.
1852 2998 1866 3028 l
1881 2999 1986 3038 Verg.

165 3055 248 3085 Aen.
271 3055 319 3085 IX
345 3054 421 3090 716,
446 3062 525 3093 pag.
551 3054 591 3084 31
606 3053 628 3084 i.
819 3063 846 3082 m
871 3055 901 3082 Β
926 3053 1003 3084 783.
1192 3062 1213 3082 n
1237 3064 1257 3082 α
1283 3052 1347 3082 162
1373 3063 1389 3090 η
1414 3053 1478 3082 244
1502 3064 1511 3082 ι
1536 3052 1590 3082 25.
1767 3060 1785 3082 0
1807 3051 1826 3082 δ
1850 3052 1913 3083 443
1937 3052 1982 3082 al.

290 3117 316 3147 p
340 3108 422 3145 Pag.
449 3107 512 3137 152
526 3105 620 3136 b—d.
