2234 3443
216 163 269 200 18
990 174 1248 202 PRAEFATIO.

211 285 410 324 dramate
452 286 640 333 quodam
682 286 914 335 Euripidis,
947 287 1058 333 quod
1093 287 1207 326 circa
1237 286 1338 325 belli
1368 287 1725 335 Peloponnesiaci
1754 288 1927 328 initium
1964 292 2034 329 est

226 353 389 400 actum,
422 353 491 390 his
523 352 667 391 verbis
699 353 938 401 descripta:

918 425 1054 469 πρῶτα
1090 417 1163 469 μὲν
1192 418 1368 470 γραμμαὶ
1401 420 1490 469 δύο,

563 486 712 524 vanitas
743 485 905 537 διείργει
937 482 973 524 δ’
1008 484 1050 524 ἐν
1082 484 1219 535 μέσοισ
1251 484 1348 536 ἄλλη
1381 486 1495 536 μίαα,

209 553 367 600 quibus
399 553 544 592 verbis
576 553 770 601 pingitur
800 553 975 601 signum
1010 554 1062 601 H,
1094 563 1179 592 non
1214 554 1260 590 E.

327 620 507 659 Homeri
547 621 695 659 autem
737 619 934 658 carmina
973 619 1135 659 litteris
1176 620 1337 658 Ionicis
1377 620 1472 659 sive
1512 621 1821 660 communibus
1857 623 2029 661 exarari

208 688 378 735 quando
425 687 612 725 Athenis
657 686 749 725 sint
792 688 958 735 coepta,
1004 709 1056 714 —
1091 697 1194 725 nam
1238 697 1348 734 quae
1390 687 1492 725 alibi
1534 688 1697 736 scripta
1737 691 1841 727 sunt
1883 700 2027 728 exem·

208 755 345 803 plaria
390 764 505 793 nunc
547 754 835 802 neglegamus
876 763 1058 793 necesse
1098 755 1176 803 est,
1229 776 1279 782 —
1328 755 1509 793 omnino
1549 756 1785 794 nescimus.
1827 757 2027 795 Forsitan

205 822 453 870 suspicetur
485 821 716 869 quispiam,
758 820 1032 870 religionem,
1075 831 1159 868 qua
1195 822 1392 860 carmina
1423 826 1493 860 τοῦ
1525 822 1645 861 θείου
1669 819 1845 873 Ὁμήρου
1859 821 1888 873 b,
1922 824 2027 863 Ilias

204 889 480 938 praesertim,
530 888 672 936 magis
718 887 949 935 magisque
995 888 1109 927 inter
1150 888 1338 927 Graecos
1376 890 1481 927 sunt
1528 889 1656 939 culta,
1710 889 2028 939 aliquantisper

204 955 428 994 obstitisse
468 955 705 1002 quominus
736 955 806 993 vel
838 955 1006 1003 species
1037 958 1221 994 externa
1252 955 1573 1004 exemplarium
1608 957 1855 996 Atticorum
1888 960 2028 997 muta·

202 1025 334 1070 retur,
368 1022 737 1070 quemadmodum
770 1032 887 1061 nunc
919 1022 1045 1060 multi
1071 1025 1293 1062 nostrates
1318 1033 1343 1061 a
1367 1023 1615 1071 bibliopolis
1640 1026 1827 1072 poscunt
1858 1024 2027 1063 Bibliae

203 1092 305 1128 ante
344 1091 430 1128 tria
470 1089 647 1128 saecula
688 1088 852 1137 belgice
895 1099 1050 1129 versae
1092 1090 1363 1139 exemplaria
1403 1101 1428 1129 a
1459 1091 1577 1139 prelo
1609 1092 1785 1139 quidem
1817 1092 2025 1141 recentia,

201 1156 277 1195 sed
322 1157 479 1205 priscis
525 1166 635 1203 quae
682 1156 894 1196 Gothicae
926 1158 1074 1196 vocari
1121 1158 1267 1196 solent
1313 1158 1562 1197 litterarum
1604 1157 1758 1206 figuris
1799 1168 2027 1208 expressa,

201 1225 414 1272 spernunt
460 1223 674 1262 editiones
720 1224 847 1272 signa
893 1225 1103 1263 hodierna
1158 1224 1457 1264 exhibentesc.
1517 1225 1788 1274 Quapropter
1833 1226 2023 1275 speciem

200 1290 335 1329 habet
379 1291 524 1339 opinio
571 1300 681 1338 quae
729 1293 774 1330 et
819 1291 918 1330 aliis
964 1291 1130 1340 placuit
1179 1295 1225 1330 et
1271 1288 1476 1340 cobetod‚
1525 1293 1651 1340 signa
1697 1293 1847 1332 Ionica
1891 1292 2022 1332 tertio

201 1358 375 1396 demum
411 1359 513 1396 ante
559 1356 656 1396 Chr.
701 1367 741 1396 n.
782 1358 957 1397 saeculo
999 1358 1170 1397 Atticae
1212 1359 1460 1397 carminum
1493 1360 1716 1407 epicorum
1749 1360 2028 1399 litteraturae

200 1434 297 1464 esse
329 1425 584 1464 substituta.
625 1424 755 1463 Nulla
785 1426 936 1464 tamen
969 1426 1021 1464 ad
1054 1426 1168 1464 hanc
1197 1426 1446 1474 opinionem
1479 1427 1687 1466 tuendam
1721 1428 1891 1476 prolata
1922 1428 2029 1465 sunt

200 1494 473 1541 argumenta,
516 1494 558 1531 et
599 1492 720 1531 brevi
760 1494 861 1541 post
893 1494 1082 1532 mortem
1115 1493 1337 1541 Zenodoti,
1371 1503 1500 1540 quem
1538 1494 1600 1532 rei
1632 1495 1855 1531 auctorem
1888 1492 2026 1530 fuisse

200 1558 334 1599 Cobet
364 1560 525 1608 aliique
557 1560 770 1608 suspicati
801 1561 918 1608 sunt,
954 1560 1228 1608 exemplaria
1254 1560 1418 1599 litteris
1442 1560 1603 1599 Atticis
1629 1562 1811 1598 exarata
1837 1559 2027 1598 Alexan—

198 1625 318 1665 driae
365 1626 487 1665 nulla
534 1627 737 1665 videntur
781 1626 933 1675 fuisse,
981 1626 1104 1665 nulla
1152 1628 1268 1666 certe
1314 1627 1569 1675 pervenisse
1615 1627 1667 1665 ad
1714 1626 2022 1665 Aristarchum

198 1693 386 1731 huiusve
431 1693 691 1742 discipulos;
751 1703 855 1732 nam
903 1693 1119 1732 eiusmodi
1176 1694 1496 1743 exemplarium
1543 1694 1588 1733 in
1640 1693 2024 1733 Aristarcheorum

196 1760 373 1809 scriptis
418 1770 638 1808 nusquam
686 1759 735 1799 fit
780 1761 961 1809 mentio,
998 1783 1049 1788 —
1084 1761 1196 1799 mira
1242 1761 1436 1810 profecto
1474 1771 1558 1810 res,
1601 1761 1639 1800 si
1671 1761 1868 1800 carmina
1899 1760 2029 1809 epica-

197 1827 347 1875 paucis
379 1828 533 1866 lustris
565 1829 803 1875 antequam
836 1828 1122 1867 Aristarchus
1153 1829 1209 1867 iis
1240 1838 1416 1878 operam
1450 1838 1578 1867 suam
1604 1828 1856 1877 impendere
1882 1827 2026 1876 coepit

195 1895 352 1934 litteris
398 1895 560 1934 Atticis
601 1895 813 1943 perscribi
853 1896 988 1934 etiam
1030 1896 1272 1935 solebante.
1315 1896 1573 1945 Complures
1613 1897 1791 1944 quidem
1835 1904 2017 1943 errores,

194 1971 303 2009 quos
344 1963 510 2011 peperit
549 1963 803 2002 litteratura
846 1966 1037 2012 vetusta,
1080 1964 1133 2002 ab
1170 1964 1467 2003 Aristarcheis
1498 1966 1602 2002 sunt
1634 1959 1815 2012 notatis,
1851 1963 1927 2001 sed
1958 1963 2026 2000 ita.

194 2027 337 2065 notati
377 2029 427 2065 ut
467 2031 680 2076 appareat
711 2040 787 2069 eos
818 2040 1013 2069 errorum
1047 2031 1162 2070 hanc
1193 2041 1372 2070 causam
1406 2031 1640 2079 indagasse
1672 2031 1944 2078 coniectu1a;
1975 2030 2020 2067 in

194 2094 443 2133 cuiusmodi
485 2095 763 2136 coniecturas
804 2099 849 2137 et
880 2098 1077 2137 hodierni
1113 2099 1324 2147 philologi
1354 2099 1482 2138 facile
1514 2099 1722 2137 incidant.
1756 2097 1835 2137 Ex.
1866 2107 1929 2146 gr.
1963 2106 2024 2135 ex

192 2161 433 2201 Aristonici
464 2162 534 2201 his
553 2164 722 2203 verbis:
757 2164 803 2211 ὥ]
837 2162 861 2215 ἡ
894 2165 1195 2217 περιεστιγμένη
1228 2166 1346 2217 διπλῆ
1375 2166 1433 2204 ὅτι
1462 2165 1697 2217 Ζηνόδοτοσ
1722 2168 1866 2216 γράφει
1900 2163 2018 2213 ᾖὸν”,

193 2227 344 2277 μήποτε
386 2227 428 2266 δὲ
469 2231 730 2281 πεπλάνηται,
765 2231 1040 2284 γεγραμμένου
1081 2238 1152 2271 τοῦ
1197 2234 1230 2271 Ο
1260 2229 1324 2272 ὑπ’
1359 2231 1556 2284 ἀρχαϊκῆσ
1592 2232 1794 2283 σημασίασ
1824 2230 1911 2270 ἀντὶ
1942 2236 2013 2269 τοῦ

193 2295 248 2345 Ω,
273 2294 470 2345 προσθεὶσ
496 2296 537 2335 τὸ
565 2299 616 2335 Ν.
643 2297 722 2337 ἔστι
748 2298 824 2350 γὰρ
850 2299 938 2350 περὶ
966 2300 1082 2339 δυοῖν
1108 2298 1128 2339 ὃ
1153 2300 1304 2352 λόγοσθ
1331 2303 1513 2351 apparet
1537 2302 1653 2340 hunc
1669 2301 2011 2350 grammaticum

192 2365 372 2410 putasse
396 2364 616 2404 Zenodoto
640 2367 692 2405 ad
710 2377 889 2406 manum
910 2368 1046 2407 fuisse
1064 2368 1290 2417 exemplar
1308 2371 1486 2408 vetusta
1501 2369 1750 2408 litteratura
1766 2370 2016 2416 exaratum,

192 2430 284 2468 veri
324 2433 473 2470 autem
517 2436 584 2471 est
620 2434 765 2473 simile
802 2445 902 2474 eum
936 2435 1074 2484 ipsius
1106 2436 1342 2475 Aristarchi
1371 2437 1620 2486 opinionem
1653 2436 1680 2475 l.
1714 2436 1740 2475 l.
1774 2435 2021 2483 rettulisse,

191 2497 395 2544 quoniam
431 2498 476 2536 in
512 2500 692 2538 scholiis
725 2501 777 2540 ad
809 2501 992 2540 Iliadem
1026 2503 1160 2541 etiam
1195 2503 1494 2551 Aristophanes
1525 2503 1772 2542 Aristarchi
1802 2502 2015 2550 magister

191 2566 235 2602 et
281 2562 425 2602 Grates
466 2565 560 2606 eius
602 2567 797 2614 aequalis
839 2568 891 2607 de
925 2569 1046 2607 vitiis
1079 2579 1100 2607 e
1132 2570 1278 2618 prisca
1308 2570 1562 2609 litteratura
1593 2570 1712 2609 natis
1748 2569 2014 2608 inducuntur

188 2629 515 2680 disputantes&
548 2634 625 2672 sed
657 2634 763 2674 talia
793 2636 1066 2684 exemplaria
1097 2637 1320 2676 Zenodoto
1354 2641 1529 2686 praesto
1561 2638 1699 2677 fuisse
1728 2637 1816 2676 sola
1845 2636 2009 2675 Aristo-

277 2812 297 2831 a
319 2803 401 2832 Eur.
433 2803 474 2832 fr.
507 2803 582 2837 385,
616 2804 738 2833 Athen.
771 2806 833 2834 454
849 2804 875 2834 b.
1079 2806 1094 2836 b
1119 2808 1174 2837 Sic
1206 2810 1343 2846 poetam
1370 2809 1505 2838 vocavit
1528 2809 1779 2847 Aristophanes
1802 2809 1884 2838 Rau.
1912 2809 2009 2838 1034.

318 2864 334 2884 c
358 2854 471 2884 Simili
496 2855 610 2885 studio
634 2856 914 2895 obtemperantes
932 2859 1015 2888 olim
1029 2860 1091 2888 viri
1105 2860 1246 2897 quidam
1266 2859 1393 2890 eruditi
1411 2860 1657 2899 inscriptiones
1677 2863 1791 2899 prisca
1811 2860 2007 2891 litteratura

187 2906 338 2943 insignes
373 2907 556 2943 finxerunt,
593 2917 633 2937 ex
669 2917 718 2946 gr.
755 2909 909 2939 Herodes
942 2911 1060 2940 rhetor
1094 2921 1178 2942 aevo
1212 2911 1395 2942 Hadriani:
1433 2914 1514 2943 οδυι
1549 2918 1681 2949 θεμιτον
1715 2925 1912 2950 frarann-eom
1947 2915 2007 2942 κτὲ.

186 2957 271 2987 CIG.
300 2960 351 2988 26.
518 2960 541 2989 d
562 2959 670 2990 Cobet
701 2961 800 2991 Misc.
833 2960 916 2991 Crit.
949 2964 1024 2992 289.
1210 2974 1226 2993 e
1250 2965 1393 2995 A.Giese
1423 2966 1519 2995 Aeol.
1542 2966 1682 2995 Dialekt
1709 2967 1804 3001 1887,
1830 2968 1891 2995 163
1917 2974 2005 3003 sqq.,

184 3010 348 3040 Ludwich
372 3011 475 3042 Arist.
496 3013 511 3041 Ι
539 3014 589 3048 11,
610 3013 644 3042 11
667 3014 732 3043 420
744 3022 819 3051 sqq.
952 3014 976 3051 f
991 3016 1136 3054 Saepius
1157 3017 1247 3046 enim
1268 3018 1302 3046 in
1324 3018 1466 3047 scholiis
1489 3019 1673 3056 culpantur
1694 3021 1721 3048 ol
1739 3022 2003 3059 μεταγράψαιήσ

184 3061 258 3092 Sive
280 3068 661 3104 μιταχαρακτηρίσαντεσ.
834 3076 856 3105 y
881 3066 992 3096 Schol.
1029 3073 1057 3096 A
1095 3070 1169 3099 103.
1203 3070 1335 3099 Similia
1369 3070 1411 3099 ad
1446 3074 1479 3100 H
1509 3072 1573 3100 238
1607 3071 1644 3103 Ξ
1665 3073 1726 3101 241
1766 3073 1801 3100 Φ
1827 3072 1901 3106 127,
1937 3071 2000 3100 363

183 3114 307 3151 (schol.
332 3116 457 3152 Oxyrli.
483 3120 518 3145 et
542 3117 683 3156 Genev.)
710 3130 729 3147 α
756 3118 809 3155 52,
834 3120 910 3158 254,
935 3120 1010 3149 275.
1148 3120 1167 3150 Ιι
1188 3122 1302 3152 Schol.
1327 3125 1362 3151 Φ
1388 3124 1461 3158 127,
1486 3124 1562 3153 363.
