<?xml version="1.0" encoding="UTF-8"?>
<!DOCTYPE html PUBLIC "-//W3C//DTD XHTML 1.0 Transitional//EN"
    "http://www.w3.org/TR/xhtml1/DTD/xhtml1-transitional.dtd">
<html xmlns="http://www.w3.org/1999/xhtml" xml:lang="en" lang="en">
 <head>
  <title>
</title>
<meta http-equiv="Content-Type" content="text/html;charset=utf-8" />
  <meta name='ocr-system' content='tesseract 3.04.00' />
  <meta name='ocr-capabilities' content='ocr_page ocr_carea ocr_par ocr_line ocrx_word'/>
</head>
<body>
  <div class='ocr_page' id='page_1' title='image "./enchiridiumdicti00leeuuoft_0285.png"; bbox 0 0 2234 3443; ppageno 0'>
   <div class='ocr_carea' id='block_1_1' title="bbox 136 163 1954 222">
    <p class='ocr_par' dir='ltr' id='par_1_1' title="bbox 136 163 1954 222">
     <span class='ocr_line' id='line_1_1' title="bbox 136 163 1954 222; baseline -0.01 -5"><span class='ocrx_word' id='word_1_1' title='bbox 136 177 160 222; x_wconf 71' lang='grc' dir='ltr'><strong>ἓ</strong></span> <span class='ocrx_word' id='word_1_2' title='bbox 195 174 294 220; x_wconf 84' lang='grc'>180]</span> <span class='ocrx_word' id='word_1_3' title='bbox 591 183 645 212; x_wconf 75' lang='lat' dir='ltr'>nn</span> <span class='ocrx_word' id='word_1_4' title='bbox 676 182 914 211; x_wconf 76' lang='lat' dir='ltr'>AUGMENTO</span> <span class='ocrx_word' id='word_1_5' title='bbox 945 183 996 210; x_wconf 77' lang='lat' dir='ltr'>Er</span> <span class='ocrx_word' id='word_1_6' title='bbox 1028 182 1083 210; x_wconf 78' lang='lat' dir='ltr'>DE</span> <span class='ocrx_word' id='word_1_7' title='bbox 1115 178 1507 210; x_wconf 72' lang='lat' dir='ltr'>REDUPLICATIONE.</span> <span class='ocrx_word' id='word_1_8' title='bbox 1872 163 1954 201; x_wconf 85' lang='lat'>261</span> 
     </span>
    </p>
   </div>
   <div class='ocr_carea' id='block_1_2' title="bbox 131 285 1966 2636">
    <p class='ocr_par' dir='ltr' id='par_1_2' title="bbox 136 285 1958 404">
     <span class='ocr_line' id='line_1_2' title="bbox 136 285 1958 347; baseline -0.008 -10"><span class='ocrx_word' id='word_1_9' title='bbox 136 297 208 337; x_wconf 91' lang='lat' dir='ltr'>ubi</span> <span class='ocrx_word' id='word_1_10' title='bbox 238 308 324 336; x_wconf 91' lang='lat' dir='ltr'>non</span> <span class='ocrx_word' id='word_1_11' title='bbox 356 290 554 347; x_wconf 72' lang='grc' dir='ltr'><em>Χρΰσὸἒωρ</em></span> <span class='ocrx_word' id='word_1_12' title='bbox 585 296 768 345; x_wconf 84' lang='lat' dir='ltr'>proferri</span> <span class='ocrx_word' id='word_1_13' title='bbox 798 296 938 335; x_wconf 90' lang='lat' dir='ltr'>voluit</span> <span class='ocrx_word' id='word_1_14' title='bbox 967 297 1110 345; x_wconf 88' lang='lat' dir='ltr'>poeta,</span> <span class='ocrx_word' id='word_1_15' title='bbox 1142 295 1218 333; x_wconf 92' lang='lat' dir='ltr'>sed</span> <span class='ocrx_word' id='word_1_16' title='bbox 1248 293 1392 343; x_wconf 79' lang='grc' dir='ltr'><em>ἔκθορε</em></span> <span class='ocrx_word' id='word_1_17' title='bbox 1421 285 1616 341; x_wconf 68' lang='grc' dir='ltr'><em>Χρῡσᾶωρ</em></span> <span class='ocrx_word' id='word_1_18' title='bbox 1630 297 1662 328; x_wconf 70' lang='grc' dir='ltr'>α.</span> <span class='ocrx_word' id='word_1_19' title='bbox 1690 289 1832 326; x_wconf 87' lang='lat' dir='ltr'>Etiam</span> <span class='ocrx_word' id='word_1_20' title='bbox 1861 286 1958 335; x_wconf 92' lang='lat' dir='ltr'>plus</span> 
     </span>
     <span class='ocr_line' id='line_1_3' title="bbox 136 364 412 404; baseline 0 -1"><span class='ocrx_word' id='word_1_21' title='bbox 136 364 208 404; x_wconf 90' lang='lat' dir='ltr'>hic</span> <span class='ocrx_word' id='word_1_22' title='bbox 236 374 412 403; x_wconf 89' lang='lat' dir='ltr'>versus:</span> 
     </span>
    </p>

    <p class='ocr_par' dir='ltr' id='par_1_3' title="bbox 134 423 1960 673">
     <span class='ocr_line' id='line_1_4' title="bbox 431 423 1490 482; baseline -0.005 -13"><span class='ocrx_word' id='word_1_23' title='bbox 431 429 567 479; x_wconf 78' lang='grc' dir='ltr'><em>ἔπρεσε</em></span> <span class='ocrx_word' id='word_1_24' title='bbox 596 430 816 469; x_wconf 83' lang='grc' dir='ltr'><em>θεσπεσίασ</em></span> <span class='ocrx_word' id='word_1_25' title='bbox 845 429 1024 479; x_wconf 81' lang='grc' dir='ltr'><em>κεφαλὰσ</em></span> <span class='ocrx_word' id='word_1_26' title='bbox 1061 431 1235 482; x_wconf 59' lang='lat' dir='ltr'>&amp;fawele</span> <span class='ocrx_word' id='word_1_27' title='bbox 1267 427 1446 477; x_wconf 79' lang='grc' dir='ltr'><em>πελώρου</em></span> <span class='ocrx_word' id='word_1_28' title='bbox 1461 423 1490 473; x_wconf 74' lang='lat' dir='ltr'>b,</span> 
     </span>
     <span class='ocr_line' id='line_1_5' title="bbox 135 486 1960 549; baseline -0.007 -12"><span class='ocrx_word' id='word_1_29' title='bbox 135 499 210 538; x_wconf 90' lang='lat' dir='ltr'>ubi</span> <span class='ocrx_word' id='word_1_30' title='bbox 250 498 387 549; x_wconf 79' lang='grc' dir='ltr'><strong><em>ἔπρεσε</em></strong></span> <span class='ocrx_word' id='word_1_31' title='bbox 425 498 576 537; x_wconf 78' lang='lat' dir='ltr'>torruit</span> <span class='ocrx_word' id='word_1_32' title='bbox 617 509 692 547; x_wconf 91' lang='lat' dir='ltr'>pro</span> <span class='ocrx_word' id='word_1_33' title='bbox 733 497 877 548; x_wconf 76' lang='grc' dir='ltr'><em>ἔπρησε</em></span> <span class='ocrx_word' id='word_1_34' title='bbox 912 498 1124 546; x_wconf 88' lang='lat' dir='ltr'>scripturn</span> <span class='ocrx_word' id='word_1_35' title='bbox 1157 496 1339 535; x_wconf 89' lang='lat' dir='ltr'>debetur</span> <span class='ocrx_word' id='word_1_36' title='bbox 1368 493 1523 543; x_wconf 83' lang='lat' dir='ltr'>priscis</span> <span class='ocrx_word' id='word_1_37' title='bbox 1547 492 1795 530; x_wconf 89' lang='lat' dir='ltr'>litterarum</span> <span class='ocrx_word' id='word_1_38' title='bbox 1822 486 1960 535; x_wconf 89' lang='lat' dir='ltr'>signis</span> 
     </span>
     <span class='ocr_line' id='line_1_6' title="bbox 134 553 1958 617; baseline -0.008 -11"><span class='ocrx_word' id='word_1_39' title='bbox 134 577 288 617; x_wconf 89' lang='lat' dir='ltr'>parum</span> <span class='ocrx_word' id='word_1_40' title='bbox 306 566 553 615; x_wconf 81' lang='lat' dir='ltr'>intellectiS,</span> <span class='ocrx_word' id='word_1_41' title='bbox 570 569 698 615; x_wconf 88' lang='lat' dir='ltr'>poeta</span> <span class='ocrx_word' id='word_1_42' title='bbox 715 569 861 606; x_wconf 91' lang='lat' dir='ltr'>autem</span> <span class='ocrx_word' id='word_1_43' title='bbox 878 566 1051 604; x_wconf 88' lang='lat' dir='ltr'>videt-ur</span> <span class='ocrx_word' id='word_1_44' title='bbox 1067 565 1300 604; x_wconf 82' lang='lat' dir='ltr'>cecinisse:</span> <span class='ocrx_word' id='word_1_45' title='bbox 1328 556 1723 608; x_wconf 76' lang='grc' dir='ltr'><em>θεσπεσίασήρῆσεν</em></span> <span class='ocrx_word' id='word_1_46' title='bbox 1740 553 1918 605; x_wconf 78' lang='grc' dir='ltr'><em>κεφαλάσ</em></span> <span class='ocrx_word' id='word_1_47' title='bbox 1930 561 1958 592; x_wconf 79' lang='lat'>⁶.</span> 
     </span>
     <span class='ocr_line' id='line_1_7' title="bbox 136 633 775 673; baseline -0.003 0"><span class='ocrx_word' id='word_1_48' title='bbox 136 635 190 673; x_wconf 89' lang='lat' dir='ltr'>Et</span> <span class='ocrx_word' id='word_1_49' title='bbox 219 634 263 672; x_wconf 94' lang='lat' dir='ltr'>in</span> <span class='ocrx_word' id='word_1_50' title='bbox 296 633 478 673; x_wconf 81' lang='lat' dir='ltr'>Homeri</span> <span class='ocrx_word' id='word_1_51' title='bbox 507 634 589 672; x_wconf 91' lang='lat' dir='ltr'>hoc</span> <span class='ocrx_word' id='word_1_52' title='bbox 620 644 775 672; x_wconf 85' lang='lat' dir='ltr'>versu:</span> 
     </span>
    </p>

    <p class='ocr_par' dir='ltr' id='par_1_4' title="bbox 135 692 1960 873">
     <span class='ocr_line' id='line_1_8' title="bbox 431 692 1518 750; baseline -0.005 -12"><span class='ocrx_word' id='word_1_53' title='bbox 431 705 508 738; x_wconf 84' lang='grc' dir='ltr'>νῦν</span> <span class='ocrx_word' id='word_1_54' title='bbox 539 696 574 738; x_wconf 80' lang='grc' dir='ltr'>δ’</span> <span class='ocrx_word' id='word_1_55' title='bbox 610 698 750 750; x_wconf 80' lang='grc' dir='ltr'><em>ἓτέρωσ</em></span> <span class='ocrx_word' id='word_1_56' title='bbox 776 698 961 750; x_wconf 76' lang='grc' dir='ltr'><em>ἐβόλοντο</em></span> <span class='ocrx_word' id='word_1_57' title='bbox 993 697 1082 736; x_wconf 81' lang='grc' dir='ltr'><em>θεοὶ</em></span> <span class='ocrx_word' id='word_1_58' title='bbox 1112 696 1216 736; x_wconf 79' lang='grc' dir='ltr'>κακὰ</span> <span class='ocrx_word' id='word_1_59' title='bbox 1248 692 1518 748; x_wconf 65' lang='grc' dir='ltr'><em>μητιάοντεσά</em></span> 
     </span>
     <span class='ocr_line' id='line_1_9' title="bbox 137 755 1960 817; baseline -0.008 -10"><span class='ocrx_word' id='word_1_60' title='bbox 137 768 258 807; x_wconf 89' lang='lat' dir='ltr'>verbi</span> <span class='ocrx_word' id='word_1_61' title='bbox 295 767 438 807; x_wconf 85' lang='lat' dir='ltr'>forma</span> <span class='ocrx_word' id='word_1_62' title='bbox 478 769 650 806; x_wconf 90' lang='lat' dir='ltr'>sincera</span> <span class='ocrx_word' id='word_1_63' title='bbox 683 764 896 817; x_wconf 85' lang='grc' dir='ltr'><em>’βούλοντο</em></span> <span class='ocrx_word' id='word_1_64' title='bbox 938 768 1005 805; x_wconf 85' lang='lat' dir='ltr'>est</span> <span class='ocrx_word' id='word_1_65' title='bbox 1044 765 1355 814; x_wconf 70' lang='lat' dir='ltr'>restituendae,</span> <span class='ocrx_word' id='word_1_66' title='bbox 1399 773 1539 810; x_wconf 87' lang='lat' dir='ltr'>neque</span> <span class='ocrx_word' id='word_1_67' title='bbox 1577 760 1717 800; x_wconf 90' lang='lat' dir='ltr'>multo</span> <span class='ocrx_word' id='word_1_68' title='bbox 1745 755 1960 797; x_wconf 84' lang='lat' dir='ltr'>difficilior</span> 
     </span>
     <span class='ocr_line' id='line_1_10' title="bbox 135 834 591 873; baseline -0.002 0"><span class='ocrx_word' id='word_1_69' title='bbox 135 835 370 873; x_wconf 88' lang='lat' dir='ltr'>emendatu</span> <span class='ocrx_word' id='word_1_70' title='bbox 401 836 469 873; x_wconf 88' lang='lat' dir='ltr'>est</span> <span class='ocrx_word' id='word_1_71' title='bbox 499 834 591 873; x_wconf 91' lang='lat' dir='ltr'>hic:</span> 
     </span>
    </p>

    <p class='ocr_par' dir='ltr' id='par_1_5' title="bbox 135 897 1083 1018">
     <span class='ocr_line' id='line_1_11' title="bbox 431 897 1001 950; baseline -0.007 -10"><span class='ocrx_word' id='word_1_72' title='bbox 431 899 479 940; x_wconf 82' lang='grc' dir='ltr'>ὃσ</span> <span class='ocrx_word' id='word_1_73' title='bbox 509 900 623 939; x_wconf 76' lang='grc' dir='ltr'><em>ἔτλκσ</em></span> <span class='ocrx_word' id='word_1_74' title='bbox 655 899 747 949; x_wconf 82' lang='grc' dir='ltr'><em>ἐμεῦ</em></span> <span class='ocrx_word' id='word_1_75' title='bbox 780 897 1001 950; x_wconf 65' lang='grc' dir='ltr'><em>εἴνεκ’(α)ΐ’,</em></span> 
     </span>
     <span class='ocr_line' id='line_1_12' title="bbox 135 965 1083 1018; baseline -0.002 -10"><span class='ocrx_word' id='word_1_76' title='bbox 135 968 207 1008; x_wconf 90' lang='lat' dir='ltr'>ubi</span> <span class='ocrx_word' id='word_1_77' title='bbox 238 973 368 1018; x_wconf 83' lang='lat' dir='ltr'>poeta</span> <span class='ocrx_word' id='word_1_78' title='bbox 398 969 531 1008; x_wconf 89' lang='lat' dir='ltr'>dixit:</span> <span class='ocrx_word' id='word_1_79' title='bbox 565 966 609 1007; x_wconf 83' lang='grc' dir='ltr'>ὃσ</span> <span class='ocrx_word' id='word_1_80' title='bbox 637 965 748 1008; x_wconf 80' lang='grc' dir='ltr'><em>’τλίἷσ</em></span> <span class='ocrx_word' id='word_1_81' title='bbox 781 965 897 1007; x_wconf 79' lang='grc' dir='ltr'><em>εἵνεκ’</em></span> <span class='ocrx_word' id='word_1_82' title='bbox 934 967 1083 1017; x_wconf 66' lang='grc' dir='ltr'><em>ἐμεῖοθ.</em></span> 
     </span>
    </p>

    <p class='ocr_par' dir='ltr' id='par_1_6' title="bbox 132 1025 1965 1287">
     <span class='ocr_line' id='line_1_13' title="bbox 253 1025 1963 1084; baseline -0.008 -8"><span class='ocrx_word' id='word_1_83' title='bbox 253 1037 336 1076; x_wconf 88' lang='lat' dir='ltr'>Sed</span> <span class='ocrx_word' id='word_1_84' title='bbox 375 1038 542 1076; x_wconf 90' lang='lat' dir='ltr'>rariora</span> <span class='ocrx_word' id='word_1_85' title='bbox 581 1039 685 1076; x_wconf 91' lang='lat' dir='ltr'>sunt</span> <span class='ocrx_word' id='word_1_86' title='bbox 725 1037 832 1075; x_wconf 90' lang='lat' dir='ltr'>haec</span> <span class='ocrx_word' id='word_1_87' title='bbox 869 1046 1001 1084; x_wconf 89' lang='lat' dir='ltr'>quam</span> <span class='ocrx_word' id='word_1_88' title='bbox 1034 1038 1081 1074; x_wconf 92' lang='lat' dir='ltr'>ut</span> <span class='ocrx_word' id='word_1_89' title='bbox 1114 1036 1221 1075; x_wconf 91' lang='lat' dir='ltr'>certi</span> <span class='ocrx_word' id='word_1_90' title='bbox 1255 1035 1355 1082; x_wconf 89' lang='lat' dir='ltr'>quid</span> <span class='ocrx_word' id='word_1_91' title='bbox 1386 1032 1486 1072; x_wconf 92' lang='lat' dir='ltr'>inde</span> <span class='ocrx_word' id='word_1_92' title='bbox 1518 1031 1657 1080; x_wconf 82' lang='lat' dir='ltr'>possit</span> <span class='ocrx_word' id='word_1_93' title='bbox 1690 1027 1815 1075; x_wconf 87' lang='lat' dir='ltr'>effici,</span> <span class='ocrx_word' id='word_1_94' title='bbox 1850 1028 1894 1065; x_wconf 87' lang='lat' dir='ltr'>et</span> <span class='ocrx_word' id='word_1_95' title='bbox 1924 1025 1963 1064; x_wconf 91' lang='lat' dir='ltr'>si</span> 
     </span>
     <span class='ocr_line' id='line_1_14' title="bbox 134 1090 1965 1153; baseline -0.007 -11"><span class='ocrx_word' id='word_1_96' title='bbox 134 1104 232 1152; x_wconf 90' lang='lat' dir='ltr'>quis</span> <span class='ocrx_word' id='word_1_97' title='bbox 262 1104 461 1153; x_wconf 85' lang='lat' dir='ltr'>perhibet</span> <span class='ocrx_word' id='word_1_98' title='bbox 491 1104 731 1153; x_wconf 90' lang='lat' dir='ltr'>rhapsodos</span> <span class='ocrx_word' id='word_1_99' title='bbox 763 1104 884 1142; x_wconf 90' lang='lat' dir='ltr'>nulla</span> <span class='ocrx_word' id='word_1_100' title='bbox 916 1104 1142 1151; x_wconf 77' lang='lat' dir='ltr'>augmenti</span> <span class='ocrx_word' id='word_1_101' title='bbox 1174 1103 1342 1142; x_wconf 90' lang='lat' dir='ltr'>ratione</span> <span class='ocrx_word' id='word_1_102' title='bbox 1374 1101 1525 1139; x_wconf 90' lang='lat' dir='ltr'>habita</span> <span class='ocrx_word' id='word_1_103' title='bbox 1551 1098 1717 1136; x_wconf 86' lang='lat' dir='ltr'>dixisse</span> <span class='ocrx_word' id='word_1_104' title='bbox 1744 1095 1795 1143; x_wconf 70' lang='grc' dir='ltr'>βῆ</span> <span class='ocrx_word' id='word_1_105' title='bbox 1824 1095 1867 1132; x_wconf 91' lang='lat' dir='ltr'>et</span> <span class='ocrx_word' id='word_1_106' title='bbox 1892 1090 1965 1142; x_wconf 76' lang='grc' dir='ltr'><em>ἕλε,</em></span> 
     </span>
     <span class='ocr_line' id='line_1_15' title="bbox 133 1160 1965 1221; baseline -0.007 -12"><span class='ocrx_word' id='word_1_107' title='bbox 133 1172 184 1209; x_wconf 91' lang='lat' dir='ltr'>ut</span> <span class='ocrx_word' id='word_1_108' title='bbox 223 1171 349 1220; x_wconf 69' lang='grc' dir='ltr'><em>βῆναι</em></span> <span class='ocrx_word' id='word_1_109' title='bbox 389 1174 431 1211; x_wconf 89' lang='lat' dir='ltr'>et</span> <span class='ocrx_word' id='word_1_110' title='bbox 471 1169 585 1220; x_wconf 81' lang='grc' dir='ltr'><em>ἑλεῖν,</em></span> <span class='ocrx_word' id='word_1_111' title='bbox 616 1172 872 1218; x_wconf 86' lang='lat' dir='ltr'>nullumque</span> <span class='ocrx_word' id='word_1_112' title='bbox 905 1172 1019 1209; x_wconf 89' lang='lat' dir='ltr'>inter</span> <span class='ocrx_word' id='word_1_113' title='bbox 1051 1170 1199 1221; x_wconf 69' lang='grc' dir='ltr'><em>ἄγομεν</em></span> <span class='ocrx_word' id='word_1_114' title='bbox 1232 1170 1426 1209; x_wconf 73' lang='lat' dir='ltr'>ducimus</span> <span class='ocrx_word' id='word_1_115' title='bbox 1457 1170 1498 1206; x_wconf 89' lang='lat' dir='ltr'>et</span> <span class='ocrx_word' id='word_1_116' title='bbox 1531 1164 1679 1217; x_wconf 71' lang='grc' dir='ltr'><em>ἄγομεν</em></span> <span class='ocrx_word' id='word_1_117' title='bbox 1710 1160 1965 1201; x_wconf 73' lang='lat' dir='ltr'>ducebamus</span> 
     </span>
     <span class='ocr_line' id='line_1_16' title="bbox 132 1238 1279 1287; baseline -0.001 -10"><span class='ocrx_word' id='word_1_118' title='bbox 132 1238 291 1277; x_wconf 83' lang='lat' dir='ltr'>fecisse</span> <span class='ocrx_word' id='word_1_119' title='bbox 321 1240 419 1278; x_wconf 91' lang='lat' dir='ltr'>soni</span> <span class='ocrx_word' id='word_1_120' title='bbox 450 1239 633 1278; x_wconf 90' lang='lat' dir='ltr'>initialis</span> <span class='ocrx_word' id='word_1_121' title='bbox 665 1240 912 1287; x_wconf 88' lang='lat' dir='ltr'>discrimen,</span> <span class='ocrx_word' id='word_1_122' title='bbox 946 1239 1084 1278; x_wconf 84' lang='lat' dir='ltr'>refelli</span> <span class='ocrx_word' id='word_1_123' title='bbox 1116 1239 1279 1285; x_wconf 89' lang='lat' dir='ltr'>nequit.</span> 
     </span>
    </p>

    <p class='ocr_par' dir='ltr' id='par_1_7' title="bbox 131 1294 1966 2288">
     <span class='ocr_line' id='line_1_17' title="bbox 252 1294 1961 1353; baseline -0.006 -9"><span class='ocrx_word' id='word_1_124' title='bbox 252 1305 471 1345; x_wconf 87' lang='lat' dir='ltr'>Hodierno</span> <span class='ocrx_word' id='word_1_125' title='bbox 524 1309 672 1345; x_wconf 90' lang='lat' dir='ltr'>autem</span> <span class='ocrx_word' id='word_1_126' title='bbox 729 1307 885 1346; x_wconf 89' lang='lat' dir='ltr'>editori</span> <span class='ocrx_word' id='word_1_127' title='bbox 933 1307 1045 1345; x_wconf 92' lang='lat' dir='ltr'>hanc</span> <span class='ocrx_word' id='word_1_128' title='bbox 1100 1316 1300 1345; x_wconf 86' lang='lat' dir='ltr'>normam</span> <span class='ocrx_word' id='word_1_129' title='bbox 1349 1306 1526 1353; x_wconf 83' lang='lat' dir='ltr'>praebet</span> <span class='ocrx_word' id='word_1_130' title='bbox 1570 1302 1706 1340; x_wconf 85' lang='lat' dir='ltr'>ratio:</span> <span class='ocrx_word' id='word_1_131' title='bbox 1755 1294 1961 1346; x_wconf 89' lang='lat' dir='ltr'>quoniam</span> 
     </span>
     <span class='ocr_line' id='line_1_18' title="bbox 135 1365 1966 1422; baseline -0.006 -11"><span class='ocrx_word' id='word_1_132' title='bbox 135 1377 327 1412; x_wconf 88' lang='lat' dir='ltr'>metrum</span> <span class='ocrx_word' id='word_1_133' title='bbox 355 1374 438 1412; x_wconf 80' lang='lat' dir='ltr'>fuit</span> <span class='ocrx_word' id='word_1_134' title='bbox 465 1384 598 1412; x_wconf 88' lang='lat' dir='ltr'>causa</span> <span class='ocrx_word' id='word_1_135' title='bbox 623 1375 850 1422; x_wconf 85' lang='lat' dir='ltr'>augmenti</span> <span class='ocrx_word' id='word_1_136' title='bbox 876 1374 1145 1422; x_wconf 72' lang='lat' dir='ltr'>neglegendi,</span> <span class='ocrx_word' id='word_1_137' title='bbox 1166 1374 1362 1421; x_wconf 84' lang='lat' dir='ltr'>sequitur</span> <span class='ocrx_word' id='word_1_138' title='bbox 1379 1375 1428 1410; x_wconf 92' lang='lat' dir='ltr'>ut</span> <span class='ocrx_word' id='word_1_139' title='bbox 1445 1370 1730 1418; x_wconf 85' lang='lat' dir='ltr'>augmentum</span> <span class='ocrx_word' id='word_1_140' title='bbox 1748 1365 1966 1405; x_wconf 84' lang='lat' dir='ltr'>tribuatur</span> 
     </span>
     <span class='ocr_line' id='line_1_19' title="bbox 134 1430 1962 1490; baseline -0.006 -12"><span class='ocrx_word' id='word_1_141' title='bbox 134 1440 339 1479; x_wconf 90' lang='lat' dir='ltr'>omnibus</span> <span class='ocrx_word' id='word_1_142' title='bbox 371 1442 616 1480; x_wconf 89' lang='lat' dir='ltr'>carminum</span> <span class='ocrx_word' id='word_1_143' title='bbox 646 1443 867 1490; x_wconf 82' lang='lat' dir='ltr'>epicorum</span> <span class='ocrx_word' id='word_1_144' title='bbox 902 1442 1047 1480; x_wconf 90' lang='lat' dir='ltr'>verbis</span> <span class='ocrx_word' id='word_1_145' title='bbox 1079 1441 1238 1489; x_wconf 88' lang='lat' dir='ltr'>quibus</span> <span class='ocrx_word' id='word_1_146' title='bbox 1265 1440 1401 1478; x_wconf 82' lang='lat' dir='ltr'>salvis</span> <span class='ocrx_word' id='word_1_147' title='bbox 1428 1437 1625 1477; x_wconf 86' lang='lat' dir='ltr'>numeris</span> <span class='ocrx_word' id='word_1_148' title='bbox 1651 1434 1783 1474; x_wconf 87' lang='lat' dir='ltr'>tribui</span> <span class='ocrx_word' id='word_1_149' title='bbox 1809 1430 1962 1480; x_wconf 89' lang='lat' dir='ltr'>possit.</span> 
     </span>
     <span class='ocr_line' id='line_1_20' title="bbox 133 1496 1964 1558; baseline -0.007 -12"><span class='ocrx_word' id='word_1_150' title='bbox 133 1507 285 1555; x_wconf 91' lang='lat' dir='ltr'>Itaque</span> <span class='ocrx_word' id='word_1_151' title='bbox 327 1517 413 1547; x_wconf 92' lang='lat' dir='ltr'>non</span> <span class='ocrx_word' id='word_1_152' title='bbox 455 1505 552 1546; x_wconf 84' lang='grc' dir='ltr'><em>οὐδὲ</em></span> <span class='ocrx_word' id='word_1_153' title='bbox 578 1505 781 1557; x_wconf 49' lang='lat' dir='ltr'>’drinaum</span> <span class='ocrx_word' id='word_1_154' title='bbox 818 1520 859 1547; x_wconf 89' lang='grc' dir='ltr'>σε</span> <span class='ocrx_word' id='word_1_155' title='bbox 887 1505 1032 1558; x_wconf 81' lang='grc' dir='ltr'><em>’τρέφε,</em></span> <span class='ocrx_word' id='word_1_156' title='bbox 1063 1507 1104 1546; x_wconf 81' lang='grc' dir='ltr'>δὲ</span> <span class='ocrx_word' id='word_1_157' title='bbox 1131 1505 1255 1555; x_wconf 50' lang='lat' dir='ltr'>&#39;vica</span> <span class='ocrx_word' id='word_1_158' title='bbox 1287 1507 1450 1545; x_wconf 85' lang='lat' dir='ltr'>similia</span> <span class='ocrx_word' id='word_1_159' title='bbox 1476 1507 1580 1544; x_wconf 88' lang='lat' dir='ltr'>sunt</span> <span class='ocrx_word' id='word_1_160' title='bbox 1611 1500 1854 1547; x_wconf 88' lang='lat' dir='ltr'>scribenda,</span> <span class='ocrx_word' id='word_1_161' title='bbox 1888 1496 1964 1535; x_wconf 91' lang='lat' dir='ltr'>sed</span> 
     </span>
     <span class='ocr_line' id='line_1_21' title="bbox 134 1567 1961 1625; baseline -0.006 -12"><span class='ocrx_word' id='word_1_162' title='bbox 134 1571 222 1613; x_wconf 83' lang='grc' dir='ltr'><em>οὐδ’</em></span> <span class='ocrx_word' id='word_1_163' title='bbox 259 1573 469 1625; x_wconf 81' lang='grc' dir='ltr'><em>ἐδύναντο,</em></span> <span class='ocrx_word' id='word_1_164' title='bbox 499 1573 533 1614; x_wconf 89' lang='grc' dir='ltr'>σ’</span> <span class='ocrx_word' id='word_1_165' title='bbox 569 1575 718 1624; x_wconf 80' lang='grc' dir='ltr'><em>ἔτρεφε,</em></span> <span class='ocrx_word' id='word_1_166' title='bbox 750 1573 783 1614; x_wconf 89' lang='grc' dir='ltr'>δ’</span> <span class='ocrx_word' id='word_1_167' title='bbox 825 1575 952 1622; x_wconf 76' lang='grc' dir='ltr'><em>ἒνιψε,</em></span> <span class='ocrx_word' id='word_1_168' title='bbox 989 1577 1072 1614; x_wconf 92' lang='lat' dir='ltr'>nisi</span> <span class='ocrx_word' id='word_1_169' title='bbox 1104 1576 1206 1623; x_wconf 88' lang='lat' dir='ltr'>quid</span> <span class='ocrx_word' id='word_1_170' title='bbox 1234 1578 1302 1614; x_wconf 89' lang='lat' dir='ltr'>est</span> <span class='ocrx_word' id='word_1_171' title='bbox 1333 1576 1375 1612; x_wconf 92' lang='lat' dir='ltr'>in</span> <span class='ocrx_word' id='word_1_172' title='bbox 1409 1581 1617 1612; x_wconf 88' lang='lat' dir='ltr'>versuum</span> <span class='ocrx_word' id='word_1_173' title='bbox 1651 1567 1846 1608; x_wconf 79' lang='lat' dir='ltr'>numeris</span> <span class='ocrx_word' id='word_1_174' title='bbox 1877 1573 1961 1612; x_wconf 91' lang='lat' dir='ltr'>quo</span> 
     </span>
     <span class='ocr_line' id='line_1_22' title="bbox 133 1630 1966 1691; baseline -0.007 -10"><span class='ocrx_word' id='word_1_175' title='bbox 133 1641 273 1682; x_wconf 85' lang='lat' dir='ltr'>altera</span> <span class='ocrx_word' id='word_1_176' title='bbox 316 1643 490 1682; x_wconf 89' lang='lat' dir='ltr'>litteras</span> <span class='ocrx_word' id='word_1_177' title='bbox 536 1644 721 1683; x_wconf 89' lang='lat' dir='ltr'>traditas</span> <span class='ocrx_word' id='word_1_178' title='bbox 766 1644 987 1683; x_wconf 87' lang='lat' dir='ltr'>dividendi</span> <span class='ocrx_word' id='word_1_179' title='bbox 1029 1644 1141 1682; x_wconf 83' lang='lat' dir='ltr'>ratio</span> <span class='ocrx_word' id='word_1_180' title='bbox 1183 1643 1327 1691; x_wconf 89' lang='lat' dir='ltr'>magis</span> <span class='ocrx_word' id='word_1_181' title='bbox 1369 1640 1715 1680; x_wconf 83' lang='lat' dir='ltr'>commendetur.</span> <span class='ocrx_word' id='word_1_182' title='bbox 1748 1635 1829 1673; x_wconf 89' lang='lat' dir='ltr'>Pro</span> <span class='ocrx_word' id='word_1_183' title='bbox 1860 1630 1966 1681; x_wconf 78' lang='grc' dir='ltr'><em>ἄρχε,</em></span> 
     </span>
     <span class='ocr_line' id='line_1_23' title="bbox 133 1703 1964 1762; baseline -0.004 -14"><span class='ocrx_word' id='word_1_184' title='bbox 133 1709 281 1759; x_wconf 79' lang='grc' dir='ltr'><em>αἴδετο,</em></span> <span class='ocrx_word' id='word_1_185' title='bbox 324 1709 512 1749; x_wconf 82' lang='grc' dir='ltr'><em>αἴδεσθεν</em></span> <span class='ocrx_word' id='word_1_186' title='bbox 561 1709 810 1750; x_wconf 86' lang='lat' dir='ltr'>scribantur</span> <span class='ocrx_word' id='word_1_187' title='bbox 855 1707 980 1762; x_wconf 57' lang='grc' dir='ltr'>ἧρχεᾶ</span> <span class='ocrx_word' id='word_1_188' title='bbox 1022 1713 1066 1750; x_wconf 91' lang='lat' dir='ltr'>et</span> <span class='ocrx_word' id='word_1_189' title='bbox 1108 1709 1240 1748; x_wconf 72' lang='grc' dir='ltr'><em>ἰίιδετο</em></span> <span class='ocrx_word' id='word_1_190' title='bbox 1283 1712 1326 1748; x_wconf 86' lang='lat' dir='ltr'>et</span> <span class='ocrx_word' id='word_1_191' title='bbox 1358 1704 1587 1755; x_wconf 66' lang='grc' dir='ltr'><em>ἰὶιδεσθενὶ,</em></span> <span class='ocrx_word' id='word_1_192' title='bbox 1618 1714 1758 1752; x_wconf 86' lang='lat' dir='ltr'>neque</span> <span class='ocrx_word' id='word_1_193' title='bbox 1791 1703 1857 1739; x_wconf 86' lang='lat' dir='ltr'>est</span> <span class='ocrx_word' id='word_1_194' title='bbox 1890 1708 1964 1738; x_wconf 88' lang='lat' dir='ltr'>cur</span> 
     </span>
     <span class='ocr_line' id='line_1_24' title="bbox 133 1766 1965 1828; baseline -0.007 -12"><span class='ocrx_word' id='word_1_195' title='bbox 133 1775 274 1827; x_wconf 79' lang='grc' dir='ltr'><em>ὄτρυνε</em></span> <span class='ocrx_word' id='word_1_196' title='bbox 320 1778 389 1817; x_wconf 89' lang='lat' dir='ltr'>vel</span> <span class='ocrx_word' id='word_1_197' title='bbox 435 1776 518 1816; x_wconf 77' lang='grc' dir='ltr'><em>ἕλκε</em></span> <span class='ocrx_word' id='word_1_198' title='bbox 564 1779 780 1818; x_wconf 88' lang='lat' dir='ltr'>scribatur</span> <span class='ocrx_word' id='word_1_199' title='bbox 825 1780 972 1828; x_wconf 92' lang='lat' dir='ltr'>potius</span> <span class='ocrx_word' id='word_1_200' title='bbox 1012 1788 1142 1826; x_wconf 91' lang='lat' dir='ltr'>quam</span> <span class='ocrx_word' id='word_1_201' title='bbox 1186 1777 1334 1828; x_wconf 81' lang='grc' dir='ltr'><em>ὤτρυνε</em></span> <span class='ocrx_word' id='word_1_202' title='bbox 1365 1776 1435 1815; x_wconf 84' lang='lat' dir='ltr'>vel</span> <span class='ocrx_word' id='word_1_203' title='bbox 1467 1770 1580 1821; x_wconf 76' lang='grc' dir='ltr'><em>εἷλκε,</em></span> <span class='ocrx_word' id='word_1_204' title='bbox 1610 1770 1788 1811; x_wconf 90' lang='lat' dir='ltr'>etiamsi</span> <span class='ocrx_word' id='word_1_205' title='bbox 1819 1766 1965 1806; x_wconf 87' lang='lat' dir='ltr'>brevis</span> 
     </span>
     <span class='ocr_line' id='line_1_25' title="bbox 136 1833 1960 1895; baseline -0.008 -11"><span class='ocrx_word' id='word_1_206' title='bbox 136 1845 300 1884; x_wconf 90' lang='lat' dir='ltr'>vocalis</span> <span class='ocrx_word' id='word_1_207' title='bbox 330 1847 373 1884; x_wconf 91' lang='lat' dir='ltr'>in</span> <span class='ocrx_word' id='word_1_208' title='bbox 405 1846 561 1884; x_wconf 90' lang='lat' dir='ltr'>multis</span> <span class='ocrx_word' id='word_1_209' title='bbox 593 1845 921 1895; x_wconf 83' lang='lat' dir='ltr'>exemplaribus</span> <span class='ocrx_word' id='word_1_210' title='bbox 953 1846 1012 1884; x_wconf 88' lang='lat' dir='ltr'>sit</span> <span class='ocrx_word' id='word_1_211' title='bbox 1045 1847 1246 1892; x_wconf 88' lang='lat' dir='ltr'>exarata;</span> <span class='ocrx_word' id='word_1_212' title='bbox 1281 1844 1386 1883; x_wconf 90' lang='lat' dir='ltr'>olim</span> <span class='ocrx_word' id='word_1_213' title='bbox 1419 1843 1534 1881; x_wconf 90' lang='lat' dir='ltr'>enim</span> <span class='ocrx_word' id='word_1_214' title='bbox 1569 1840 1708 1888; x_wconf 85' lang='lat' dir='ltr'>signis</span> <span class='ocrx_word' id='word_1_215' title='bbox 1740 1833 1960 1882; x_wconf 87' lang='lat' dir='ltr'>ambiguis</span> 
     </span>
     <span class='ocr_line' id='line_1_26' title="bbox 131 1901 1961 1962; baseline -0.007 -12"><span class='ocrx_word' id='word_1_216' title='bbox 131 1912 241 1951; x_wconf 88' lang='lat' dir='ltr'>talia</span> <span class='ocrx_word' id='word_1_217' title='bbox 282 1913 602 1959; x_wconf 88' lang='lat' dir='ltr'>indicabantur,</span> <span class='ocrx_word' id='word_1_218' title='bbox 648 1913 770 1952; x_wconf 90' lang='lat' dir='ltr'>nulla</span> <span class='ocrx_word' id='word_1_219' title='bbox 811 1914 944 1961; x_wconf 85' lang='lat' dir='ltr'>igitur</span> <span class='ocrx_word' id='word_1_220' title='bbox 990 1923 1252 1962; x_wconf 87' lang='lat' dir='ltr'>papyrorum</span> <span class='ocrx_word' id='word_1_221' title='bbox 1300 1912 1556 1950; x_wconf 89' lang='lat' dir='ltr'>codicumve</span> <span class='ocrx_word' id='word_1_222' title='bbox 1599 1909 1679 1946; x_wconf 86' lang='lat' dir='ltr'>hac</span> <span class='ocrx_word' id='word_1_223' title='bbox 1721 1906 1764 1943; x_wconf 87' lang='lat' dir='ltr'>in</span> <span class='ocrx_word' id='word_1_224' title='bbox 1806 1912 1852 1941; x_wconf 88' lang='lat' dir='ltr'>re</span> <span class='ocrx_word' id='word_1_225' title='bbox 1893 1901 1961 1938; x_wconf 90' lang='lat' dir='ltr'>est</span> 
     </span>
     <span class='ocr_line' id='line_1_27' title="bbox 131 1970 1959 2030; baseline -0.008 -12"><span class='ocrx_word' id='word_1_226' title='bbox 131 1980 372 2019; x_wconf 77' lang='lat' dir='ltr'>auctorItas</span> <span class='ocrx_word' id='word_1_227' title='bbox 404 1982 481 2019; x_wconf 91' lang='lat' dir='ltr'>aut</span> <span class='ocrx_word' id='word_1_228' title='bbox 511 1991 608 2019; x_wconf 90' lang='lat' dir='ltr'>esse</span> <span class='ocrx_word' id='word_1_229' title='bbox 640 1991 833 2029; x_wconf 87' lang='lat' dir='ltr'>unquam</span> <span class='ocrx_word' id='word_1_230' title='bbox 865 1981 1006 2030; x_wconf 90' lang='lat' dir='ltr'>potuit</span> <span class='ocrx_word' id='word_1_231' title='bbox 1022 1977 1055 2019; x_wconf 74' lang='lat' dir='ltr'>j.</span> <span class='ocrx_word' id='word_1_232' title='bbox 1090 1980 1280 2029; x_wconf 83' lang='lat' dir='ltr'>Quorum</span> <span class='ocrx_word' id='word_1_233' title='bbox 1310 1989 1420 2026; x_wconf 85' lang='lat' dir='ltr'>quae</span> <span class='ocrx_word' id='word_1_234' title='bbox 1451 1978 1509 2016; x_wconf 90' lang='lat' dir='ltr'>sit</span> <span class='ocrx_word' id='word_1_235' title='bbox 1541 1975 1649 2014; x_wconf 89' lang='lat' dir='ltr'>fides</span> <span class='ocrx_word' id='word_1_236' title='bbox 1677 1972 1792 2011; x_wconf 87' lang='lat' dir='ltr'>clare</span> <span class='ocrx_word' id='word_1_237' title='bbox 1818 1970 1959 2007; x_wconf 88' lang='lat' dir='ltr'>osten-</span> 
     </span>
     <span class='ocr_line' id='line_1_28' title="bbox 134 2033 1965 2096; baseline -0.003 -11"><span class='ocrx_word' id='word_1_238' title='bbox 134 2047 243 2086; x_wconf 92' lang='lat' dir='ltr'>dunt</span> <span class='ocrx_word' id='word_1_239' title='bbox 274 2047 407 2086; x_wconf 86' lang='lat' dir='ltr'>verba</span> <span class='ocrx_word' id='word_1_240' title='bbox 437 2058 462 2086; x_wconf 92' lang='lat' dir='ltr'>a</span> <span class='ocrx_word' id='word_1_241' title='bbox 493 2048 763 2096; x_wconf 87' lang='lat' dir='ltr'>diphthongo</span> <span class='ocrx_word' id='word_1_242' title='bbox 795 2063 838 2086; x_wconf 92' lang='grc' dir='ltr'>ευ</span> <span class='ocrx_word' id='word_1_243' title='bbox 872 2049 941 2087; x_wconf 90' lang='lat' dir='ltr'>vel</span> <span class='ocrx_word' id='word_1_244' title='bbox 972 2062 1005 2086; x_wconf 87' lang='grc' dir='ltr'>ει</span> <span class='ocrx_word' id='word_1_245' title='bbox 1042 2048 1319 2096; x_wconf 87' lang='lat' dir='ltr'>incipientia;</span> <span class='ocrx_word' id='word_1_246' title='bbox 1352 2056 1455 2085; x_wconf 91' lang='lat' dir='ltr'>nam</span> <span class='ocrx_word' id='word_1_247' title='bbox 1489 2039 1623 2090; x_wconf 79' lang='grc' dir='ltr'><em>εὗδον,</em></span> <span class='ocrx_word' id='word_1_248' title='bbox 1653 2038 1799 2089; x_wconf 79' lang='grc' dir='ltr'><em>εὔχετο,</em></span> <span class='ocrx_word' id='word_1_249' title='bbox 1825 2033 1965 2082; x_wconf 72' lang='grc' dir='ltr'><em>εἴκαζε,</em></span> 
     </span>
     <span class='ocr_line' id='line_1_29' title="bbox 133 2101 1961 2163; baseline -0.008 -10"><span class='ocrx_word' id='word_1_250' title='bbox 133 2114 296 2153; x_wconf 86' lang='lat' dir='ltr'>similia</span> <span class='ocrx_word' id='word_1_251' title='bbox 336 2115 502 2163; x_wconf 89' lang='lat' dir='ltr'>passim</span> <span class='ocrx_word' id='word_1_252' title='bbox 544 2117 648 2154; x_wconf 89' lang='lat' dir='ltr'>sunt</span> <span class='ocrx_word' id='word_1_253' title='bbox 688 2119 870 2154; x_wconf 85' lang='lat' dir='ltr'>exarata</span> <span class='ocrx_word' id='word_1_254' title='bbox 910 2126 934 2154; x_wconf 90' lang='lat' dir='ltr'>a</span> <span class='ocrx_word' id='word_1_255' title='bbox 965 2115 1170 2163; x_wconf 86' lang='lat' dir='ltr'>librariis,</span> <span class='ocrx_word' id='word_1_256' title='bbox 1203 2115 1305 2153; x_wconf 83' lang='lat' dir='ltr'>licet</span> <span class='ocrx_word' id='word_1_257' title='bbox 1334 2113 1417 2161; x_wconf 88' lang='lat' dir='ltr'>ipsi</span> <span class='ocrx_word' id='word_1_258' title='bbox 1450 2110 1601 2150; x_wconf 84' lang='lat' dir='ltr'>Graeci</span> <span class='ocrx_word' id='word_1_259' title='bbox 1633 2108 1737 2147; x_wconf 91' lang='lat' dir='ltr'>olim</span> <span class='ocrx_word' id='word_1_260' title='bbox 1771 2101 1961 2143; x_wconf 79' lang='lat' dir='ltr'>dixerint</span> 
     </span>
     <span class='ocr_line' id='line_1_30' title="bbox 134 2165 1963 2232; baseline -0.008 -12"><span class='ocrx_word' id='word_1_261' title='bbox 134 2183 177 2220; x_wconf 90' lang='lat' dir='ltr'>et</span> <span class='ocrx_word' id='word_1_262' title='bbox 217 2181 473 2230; x_wconf 88' lang='lat' dir='ltr'>scripserint</span> <span class='ocrx_word' id='word_1_263' title='bbox 513 2176 657 2231; x_wconf 80' lang='grc' dir='ltr'><em>ηὗδον,</em></span> <span class='ocrx_word' id='word_1_264' title='bbox 696 2180 850 2232; x_wconf 75' lang='grc' dir='ltr'><em>ηὔχετο,</em></span> <span class='ocrx_word' id='word_1_265' title='bbox 887 2180 1036 2232; x_wconf 75' lang='grc' dir='ltr'><em>ἤικαζε,</em></span> <span class='ocrx_word' id='word_1_266' title='bbox 1071 2182 1259 2220; x_wconf 91' lang='lat' dir='ltr'>testibus</span> <span class='ocrx_word' id='word_1_267' title='bbox 1288 2178 1506 2228; x_wconf 87' lang='lat' dir='ltr'>lapidibus</span> <span class='ocrx_word' id='word_1_268' title='bbox 1539 2179 1582 2216; x_wconf 90' lang='lat' dir='ltr'>et</span> <span class='ocrx_word' id='word_1_269' title='bbox 1613 2169 1917 2224; x_wconf 85' lang='lat' dir='ltr'>grammaticis</span> <span class='ocrx_word' id='word_1_270' title='bbox 1931 2165 1963 2205; x_wconf 68' lang='lat' dir='ltr'>lc.</span> 
     </span>
     <span class='ocr_line' id='line_1_31' title="bbox 137 2248 759 2288; baseline 0.002 -1"><span class='ocrx_word' id='word_1_271' title='bbox 137 2248 207 2287; x_wconf 89' lang='lat' dir='ltr'>Sic</span> <span class='ocrx_word' id='word_1_272' title='bbox 237 2249 280 2287; x_wconf 93' lang='lat' dir='ltr'>in</span> <span class='ocrx_word' id='word_1_273' title='bbox 311 2248 461 2287; x_wconf 88' lang='lat' dir='ltr'>Iliadis</span> <span class='ocrx_word' id='word_1_274' title='bbox 492 2249 573 2288; x_wconf 87' lang='lat' dir='ltr'>hoc</span> <span class='ocrx_word' id='word_1_275' title='bbox 605 2259 759 2288; x_wconf 87' lang='lat' dir='ltr'>versu:</span> 
     </span>
    </p>

    <p class='ocr_par' dir='ltr' id='par_1_8' title="bbox 133 2309 1959 2499">
     <span class='ocr_line' id='line_1_32' title="bbox 430 2309 1491 2366; baseline -0.002 -13"><span class='ocrx_word' id='word_1_276' title='bbox 430 2309 560 2364; x_wconf 82' lang='grc' dir='ltr'><em>ηὗδον</em></span> <span class='ocrx_word' id='word_1_277' title='bbox 591 2316 819 2366; x_wconf 79' lang='grc' dir='ltr'><em>παννύχιοι,</em></span> <span class='ocrx_word' id='word_1_278' title='bbox 851 2319 1029 2366; x_wconf 78' lang='grc' dir='ltr'><em>μαλακῶι</em></span> <span class='ocrx_word' id='word_1_279' title='bbox 1063 2314 1305 2365; x_wconf 80' lang='grc' dir='ltr'><em>δεὸμκμένοι</em></span> <span class='ocrx_word' id='word_1_280' title='bbox 1331 2310 1491 2353; x_wconf 63' lang='lat' dir='ltr'>{Juvenal</span> 
     </span>
     <span class='ocr_line' id='line_1_33' title="bbox 134 2372 1959 2432; baseline -0.004 -12"><span class='ocrx_word' id='word_1_281' title='bbox 134 2382 455 2431; x_wconf 86' lang='lat' dir='ltr'>diphthongum</span> <span class='ocrx_word' id='word_1_282' title='bbox 486 2396 539 2432; x_wconf 80' lang='grc' dir='ltr'>ηυ</span> <span class='ocrx_word' id='word_1_283' title='bbox 565 2384 785 2432; x_wconf 86' lang='lat' dir='ltr'>integram</span> <span class='ocrx_word' id='word_1_284' title='bbox 812 2384 989 2432; x_wconf 87' lang='lat' dir='ltr'>quidem</span> <span class='ocrx_word' id='word_1_285' title='bbox 1016 2385 1251 2422; x_wconf 88' lang='lat' dir='ltr'>servarunt</span> <span class='ocrx_word' id='word_1_286' title='bbox 1277 2383 1387 2421; x_wconf 88' lang='lat' dir='ltr'>duae</span> <span class='ocrx_word' id='word_1_287' title='bbox 1414 2380 1578 2430; x_wconf 85' lang='lat' dir='ltr'>papyri,</span> <span class='ocrx_word' id='word_1_288' title='bbox 1608 2377 1685 2416; x_wconf 87' lang='lat' dir='ltr'>sed</span> <span class='ocrx_word' id='word_1_289' title='bbox 1712 2372 1959 2420; x_wconf 77' lang='lat' dir='ltr'>sequiorem</span> 
     </span>
     <span class='ocr_line' id='line_1_34' title="bbox 133 2447 1826 2499; baseline -0.006 -11"><span class='ocrx_word' id='word_1_290' title='bbox 133 2450 323 2489; x_wconf 84' lang='lat' dir='ltr'>formam</span> <span class='ocrx_word' id='word_1_291' title='bbox 355 2449 474 2487; x_wconf 89' lang='grc' dir='ltr'><em>ευδον</em></span> <span class='ocrx_word' id='word_1_292' title='bbox 505 2450 657 2490; x_wconf 90' lang='lat' dir='ltr'>allevit</span> <span class='ocrx_word' id='word_1_293' title='bbox 687 2462 847 2490; x_wconf 89' lang='lat' dir='ltr'>manus</span> <span class='ocrx_word' id='word_1_294' title='bbox 878 2452 1120 2499; x_wconf 89' lang='lat' dir='ltr'>recentior;</span> <span class='ocrx_word' id='word_1_295' title='bbox 1154 2452 1197 2490; x_wconf 93' lang='lat' dir='ltr'>et</span> <span class='ocrx_word' id='word_1_296' title='bbox 1228 2452 1271 2489; x_wconf 92' lang='lat' dir='ltr'>in</span> <span class='ocrx_word' id='word_1_297' title='bbox 1305 2450 1526 2498; x_wconf 88' lang='lat' dir='ltr'>Odysseae</span> <span class='ocrx_word' id='word_1_298' title='bbox 1558 2447 1638 2485; x_wconf 88' lang='lat' dir='ltr'>hoc</span> <span class='ocrx_word' id='word_1_299' title='bbox 1670 2449 1826 2481; x_wconf 87' lang='lat' dir='ltr'>versu:</span> 
     </span>
    </p>

    <p class='ocr_par' dir='ltr' id='par_1_9' title="bbox 134 2510 1957 2636">
     <span class='ocr_line' id='line_1_35' title="bbox 431 2510 1294 2569; baseline 0 -14"><span class='ocrx_word' id='word_1_300' title='bbox 431 2510 456 2566; x_wconf 74' lang='grc' dir='ltr'><em>ἦ</em></span> <span class='ocrx_word' id='word_1_301' title='bbox 488 2531 546 2555; x_wconf 83' lang='grc' dir='ltr'><em>τοι</em></span> <span class='ocrx_word' id='word_1_302' title='bbox 577 2515 598 2556; x_wconf 82' lang='grc' dir='ltr'>ὃ</span> <span class='ocrx_word' id='word_1_303' title='bbox 629 2515 702 2566; x_wconf 83' lang='grc' dir='ltr'><em>μὲν</em></span> <span class='ocrx_word' id='word_1_304' title='bbox 731 2518 778 2556; x_wconf 83' lang='grc' dir='ltr'>τὰ</span> <span class='ocrx_word' id='word_1_305' title='bbox 805 2516 981 2557; x_wconf 80' lang='grc' dir='ltr'><em>’πονεῖτο</em></span> <span class='ocrx_word' id='word_1_306' title='bbox 1012 2516 1080 2556; x_wconf 80' lang='grc' dir='ltr'>καὶ</span> <span class='ocrx_word' id='word_1_307' title='bbox 1111 2516 1294 2569; x_wconf 60' lang='grc' dir='ltr'><em>ηὔχετοῃῑ</em></span> 
     </span>
     <span class='ocr_line' id='line_1_36' title="bbox 134 2572 1957 2636; baseline -0.009 -13"><span class='ocrx_word' id='word_1_308' title='bbox 134 2584 272 2623; x_wconf 87' lang='lat' dir='ltr'>codex</span> <span class='ocrx_word' id='word_1_309' title='bbox 297 2582 497 2622; x_wconf 89' lang='lat' dir='ltr'>omnium</span> <span class='ocrx_word' id='word_1_310' title='bbox 528 2586 722 2633; x_wconf 87' lang='lat' dir='ltr'>optimus</span> <span class='ocrx_word' id='word_1_311' title='bbox 754 2585 887 2625; x_wconf 88' lang='lat' dir='ltr'>habet</span> <span class='ocrx_word' id='word_1_312' title='bbox 918 2584 1004 2636; x_wconf 79' lang='grc' dir='ltr'><em>ηὔ-,</em></span> <span class='ocrx_word' id='word_1_313' title='bbox 1035 2586 1170 2625; x_wconf 83' lang='lat' dir='ltr'>ceteri</span> <span class='ocrx_word' id='word_1_314' title='bbox 1201 2583 1276 2624; x_wconf 77' lang='grc' dir='ltr'><em>εὔ-.</em></span> <span class='ocrx_word' id='word_1_315' title='bbox 1308 2585 1457 2623; x_wconf 90' lang='lat' dir='ltr'>Unum</span> <span class='ocrx_word' id='word_1_316' title='bbox 1491 2583 1572 2620; x_wconf 92' lang='lat' dir='ltr'>hoc</span> <span class='ocrx_word' id='word_1_317' title='bbox 1603 2572 1957 2618; x_wconf 87' lang='lat' dir='ltr'>hemistichium:</span> 
     </span>
    </p>
   </div>
   <div class='ocr_carea' id='block_1_3' title="bbox 136 2699 1963 3155">
    <p class='ocr_par' dir='ltr' id='par_1_10' title="bbox 225 2699 1960 2749">
     <span class='ocr_line' id='line_1_37' title="bbox 225 2699 1960 2749; baseline 0.003 -14"><span class='ocrx_word' id='word_1_318' title='bbox 225 2716 244 2736; x_wconf 91' lang='lat' dir='ltr'>a</span> <span class='ocrx_word' id='word_1_319' title='bbox 267 2707 322 2736; x_wconf 80' lang='lat' dir='ltr'>Sic</span> <span class='ocrx_word' id='word_1_320' title='bbox 344 2706 366 2735; x_wconf 91' lang='lat' dir='ltr'>l.</span> <span class='ocrx_word' id='word_1_321' title='bbox 380 2715 410 2735; x_wconf 85' lang='lat' dir='ltr'>a.</span> <span class='ocrx_word' id='word_1_322' title='bbox 577 2705 592 2735; x_wconf 86' lang='lat' dir='ltr'>b</span> <span class='ocrx_word' id='word_1_323' title='bbox 616 2705 707 2736; x_wconf 84' lang='lat' dir='ltr'>Ibid.</span> <span class='ocrx_word' id='word_1_324' title='bbox 732 2707 809 2737; x_wconf 87' lang='lat'>856.</span> <span class='ocrx_word' id='word_1_325' title='bbox 951 2717 966 2737; x_wconf 81' lang='lat' dir='ltr'>c</span> <span class='ocrx_word' id='word_1_326' title='bbox 985 2708 1110 2738; x_wconf 88' lang='lat' dir='ltr'>Lenior</span> <span class='ocrx_word' id='word_1_327' title='bbox 1132 2708 1300 2737; x_wconf 86' lang='lat' dir='ltr'>correctio</span> <span class='ocrx_word' id='word_1_328' title='bbox 1320 2708 1452 2749; x_wconf 79' lang='grc' dir='ltr'><em>’πρῆσεν</em></span> <span class='ocrx_word' id='word_1_329' title='bbox 1474 2708 1653 2735; x_wconf 68' lang='grc' dir='ltr'><em>θεσπεσίοιο</em></span> <span class='ocrx_word' id='word_1_330' title='bbox 1678 2699 1817 2740; x_wconf 65' lang='grc' dir='ltr'><em>κεφαλὰσ</em></span> <span class='ocrx_word' id='word_1_331' title='bbox 1841 2700 1960 2723; x_wconf 84' lang='lat' dir='ltr'>nume-</span> 
     </span>
    </p>

    <p class='ocr_par' dir='ltr' id='par_1_11' title="bbox 136 2745 1961 2802">
     <span class='ocr_line' id='line_1_38' title="bbox 136 2745 1961 2802; baseline -0.001 -14"><span class='ocrx_word' id='word_1_332' title='bbox 136 2766 192 2788; x_wconf 87' lang='lat' dir='ltr'>ros</span> <span class='ocrx_word' id='word_1_333' title='bbox 216 2758 322 2788; x_wconf 82' lang='lat' dir='ltr'>duros</span> <span class='ocrx_word' id='word_1_334' title='bbox 345 2758 464 2793; x_wconf 78' lang='lat' dir='ltr'>efficit,</span> <span class='ocrx_word' id='word_1_335' title='bbox 487 2767 564 2797; x_wconf 86' lang='lat' dir='ltr'>pag.</span> <span class='ocrx_word' id='word_1_336' title='bbox 593 2760 655 2789; x_wconf 81' lang='lat'>107</span> <span class='ocrx_word' id='word_1_337' title='bbox 669 2769 695 2790; x_wconf 82' lang='lat' dir='ltr'>c.</span> <span class='ocrx_word' id='word_1_338' title='bbox 852 2759 875 2790; x_wconf 90' lang='lat' dir='ltr'>d</span> <span class='ocrx_word' id='word_1_339' title='bbox 897 2772 916 2790; x_wconf 80' lang='grc' dir='ltr'><em>α</em></span> <span class='ocrx_word' id='word_1_340' title='bbox 941 2762 1015 2795; x_wconf 84' lang='lat'>234,</span> <span class='ocrx_word' id='word_1_341' title='bbox 1039 2762 1061 2790; x_wconf 92' lang='lat' dir='ltr'>l.</span> <span class='ocrx_word' id='word_1_342' title='bbox 1074 2770 1103 2790; x_wconf 87' lang='lat' dir='ltr'>a.</span> <span class='ocrx_word' id='word_1_343' title='bbox 1131 2763 1289 2801; x_wconf 69' lang='grc' dir='ltr'><em>ἐβάλοντο.</em></span> <span class='ocrx_word' id='word_1_344' title='bbox 1466 2768 1483 2789; x_wconf 85' lang='lat' dir='ltr'>e</span> <span class='ocrx_word' id='word_1_345' title='bbox 1506 2759 1525 2798; x_wconf 62' lang='grc' dir='ltr'>ᾖ</span> <span class='ocrx_word' id='word_1_346' title='bbox 1551 2759 1625 2788; x_wconf 87' lang='grc'><strong>259.</strong></span> <span class='ocrx_word' id='word_1_347' title='bbox 1777 2751 1807 2792; x_wconf 88' lang='lat' dir='ltr'><em>f</em></span> <span class='ocrx_word' id='word_1_348' title='bbox 1827 2751 1860 2778; x_wconf 82' lang='grc' dir='ltr'>Χ</span> <span class='ocrx_word' id='word_1_349' title='bbox 1884 2745 1961 2802; x_wconf 43' lang='grc' dir='ltr'>ΨΘ·</span> 
     </span>
    </p>

    <p class='ocr_par' dir='ltr' id='par_1_12' title="bbox 265 2804 1960 2854">
     <span class='ocr_line' id='line_1_39' title="bbox 265 2804 1960 2854; baseline -0.001 -13"><span class='ocrx_word' id='word_1_350' title='bbox 265 2821 288 2850; x_wconf 75' lang='lat' dir='ltr'><strong><em>y</em></strong></span> <span class='ocrx_word' id='word_1_351' title='bbox 309 2812 394 2848; x_wconf 83' lang='lat' dir='ltr'>Pag.</span> <span class='ocrx_word' id='word_1_352' title='bbox 420 2812 460 2841; x_wconf 88' lang='lat'>96</span> <span class='ocrx_word' id='word_1_353' title='bbox 474 2821 505 2841; x_wconf 84' lang='lat' dir='ltr'>a.</span> <span class='ocrx_word' id='word_1_354' title='bbox 649 2811 669 2841; x_wconf 81' lang='grc' dir='ltr'>Ιι</span> <span class='ocrx_word' id='word_1_355' title='bbox 693 2814 724 2842; x_wconf 89' lang='grc' dir='ltr'><em>Γ</em></span> <span class='ocrx_word' id='word_1_356' title='bbox 743 2812 808 2843; x_wconf 75' lang='lat'>447</span> <span class='ocrx_word' id='word_1_357' title='bbox 834 2813 938 2851; x_wconf 84' lang='lat' dir='ltr'>(corr.</span> <span class='ocrx_word' id='word_1_358' title='bbox 960 2813 1114 2851; x_wconf 85' lang='lat' dir='ltr'>Heyne);</span> <span class='ocrx_word' id='word_1_359' title='bbox 1141 2813 1305 2843; x_wconf 85' lang='lat' dir='ltr'>traditum</span> <span class='ocrx_word' id='word_1_360' title='bbox 1332 2811 1407 2854; x_wconf 82' lang='grc' dir='ltr'><em>ἧρχ-</em></span> <span class='ocrx_word' id='word_1_361' title='bbox 1429 2815 1481 2843; x_wconf 82' lang='lat' dir='ltr'>est</span> <span class='ocrx_word' id='word_1_362' title='bbox 1505 2813 1538 2841; x_wconf 75' lang='lat' dir='ltr'><em>A</em></span> <span class='ocrx_word' id='word_1_363' title='bbox 1561 2810 1625 2840; x_wconf 78' lang='lat'>495</span> <span class='ocrx_word' id='word_1_364' title='bbox 1654 2810 1688 2838; x_wconf 88' lang='lat' dir='ltr'>et</span> <span class='ocrx_word' id='word_1_365' title='bbox 1712 2804 1795 2836; x_wconf 86' lang='lat' dir='ltr'>alibi</span> <span class='ocrx_word' id='word_1_366' title='bbox 1819 2804 1960 2839; x_wconf 62' lang='lat' dir='ltr'>PstSfflm·</span> 
     </span>
    </p>

    <p class='ocr_par' dir='ltr' id='par_1_13' title="bbox 269 2860 1962 2904">
     <span class='ocr_line' id='line_1_40' title="bbox 269 2860 1962 2904; baseline -0.002 -12"><span class='ocrx_word' id='word_1_367' title='bbox 269 2862 283 2892; x_wconf 89' lang='lat' dir='ltr'>i</span> <span class='ocrx_word' id='word_1_368' title='bbox 307 2865 342 2893; x_wconf 87' lang='grc' dir='ltr'><strong><em>Φ</em></strong></span> <span class='ocrx_word' id='word_1_369' title='bbox 373 2865 437 2893; x_wconf 77' lang='lat'>468</span> <span class='ocrx_word' id='word_1_370' title='bbox 461 2865 477 2898; x_wconf 83' lang='grc' dir='ltr'><strong><em>ζ</em></strong></span> <span class='ocrx_word' id='word_1_371' title='bbox 498 2865 552 2900; x_wconf 88' lang='grc'>66,</span> <span class='ocrx_word' id='word_1_372' title='bbox 576 2865 640 2894; x_wconf 83' lang='grc'>329</span> <span class='ocrx_word' id='word_1_373' title='bbox 666 2868 690 2894; x_wconf 76' lang='grc' dir='ltr'><em>θ</em></span> <span class='ocrx_word' id='word_1_374' title='bbox 718 2866 758 2895; x_wconf 88' lang='grc'>86</span> <span class='ocrx_word' id='word_1_375' title='bbox 784 2868 818 2894; x_wconf 92' lang='grc' dir='ltr'><em>Η</em></span> <span class='ocrx_word' id='word_1_376' title='bbox 842 2867 904 2901; x_wconf 86' lang='grc'>93;</span> <span class='ocrx_word' id='word_1_377' title='bbox 932 2867 1100 2896; x_wconf 82' lang='lat' dir='ltr'>traditum</span> <span class='ocrx_word' id='word_1_378' title='bbox 1125 2868 1178 2896; x_wconf 72' lang='lat' dir='ltr'>est</span> <span class='ocrx_word' id='word_1_379' title='bbox 1201 2868 1431 2904; x_wconf 82' lang='lat' dir='ltr'>augmentum</span> <span class='ocrx_word' id='word_1_380' title='bbox 1455 2867 1490 2895; x_wconf 90' lang='lat' dir='ltr'>in</span> <span class='ocrx_word' id='word_1_381' title='bbox 1514 2865 1619 2894; x_wconf 90' lang='lat' dir='ltr'>verbo</span> <span class='ocrx_word' id='word_1_382' title='bbox 1644 2863 1788 2901; x_wconf 78' lang='grc' dir='ltr'><em>ἠιδὲσατο</em></span> <span class='ocrx_word' id='word_1_383' title='bbox 1813 2873 1835 2900; x_wconf 87' lang='grc' dir='ltr'><strong>φ</strong></span> <span class='ocrx_word' id='word_1_384' title='bbox 1861 2861 1902 2890; x_wconf 87' lang='grc'>28</span> <span class='ocrx_word' id='word_1_385' title='bbox 1929 2860 1962 2889; x_wconf 73' lang='lat' dir='ltr'>et</span> 
     </span>
    </p>

    <p class='ocr_par' dir='ltr' id='par_1_14' title="bbox 136 2908 1962 2958">
     <span class='ocr_line' id='line_1_41' title="bbox 136 2908 1962 2958; baseline -0.002 -13"><span class='ocrx_word' id='word_1_386' title='bbox 136 2908 171 2945; x_wconf 87' lang='lat' dir='ltr'>in</span> <span class='ocrx_word' id='word_1_387' title='bbox 194 2914 319 2945; x_wconf 83' lang='lat' dir='ltr'>similis</span> <span class='ocrx_word' id='word_1_388' title='bbox 342 2916 624 2946; x_wconf 80' lang='lat' dir='ltr'>conformationis</span> <span class='ocrx_word' id='word_1_389' title='bbox 647 2917 764 2947; x_wconf 84' lang='lat' dir='ltr'>verbis</span> <span class='ocrx_word' id='word_1_390' title='bbox 788 2918 896 2955; x_wconf 77' lang='grc' dir='ltr'><em>ἤινεον,</em></span> <span class='ocrx_word' id='word_1_391' title='bbox 922 2920 1032 2958; x_wconf 69' lang='grc' dir='ltr'><em>ἥιρεον.</em></span> <span class='ocrx_word' id='word_1_392' title='bbox 1171 2918 1192 2958; x_wconf 82' lang='lat' dir='ltr'><em>j</em></span> <span class='ocrx_word' id='word_1_393' title='bbox 1217 2919 1340 2956; x_wconf 82' lang='lat' dir='ltr'>Itaque</span> <span class='ocrx_word' id='word_1_394' title='bbox 1365 2926 1493 2957; x_wconf 85' lang='lat' dir='ltr'>operae</span> <span class='ocrx_word' id='word_1_395' title='bbox 1518 2918 1574 2947; x_wconf 82' lang='lat' dir='ltr'>vix</span> <span class='ocrx_word' id='word_1_396' title='bbox 1596 2919 1648 2946; x_wconf 86' lang='lat' dir='ltr'>est</span> <span class='ocrx_word' id='word_1_397' title='bbox 1672 2915 1822 2954; x_wconf 85' lang='lat' dir='ltr'>pretium</span> <span class='ocrx_word' id='word_1_398' title='bbox 1847 2913 1962 2942; x_wconf 82' lang='lat' dir='ltr'>obser-</span> 
     </span>
    </p>

    <p class='ocr_par' dir='ltr' id='par_1_15' title="bbox 136 2964 1963 3008">
     <span class='ocr_line' id='line_1_42' title="bbox 136 2964 1963 3008; baseline 0.001 -12"><span class='ocrx_word' id='word_1_399' title='bbox 136 2975 238 2997; x_wconf 78' lang='lat' dir='ltr'>vasse</span> <span class='ocrx_word' id='word_1_400' title='bbox 262 2970 293 2997; x_wconf 92' lang='grc' dir='ltr'><em>Γ</em></span> <span class='ocrx_word' id='word_1_401' title='bbox 313 2968 376 2997; x_wconf 80' lang='lat'>370</span> <span class='ocrx_word' id='word_1_402' title='bbox 400 2965 479 2997; x_wconf 76' lang='grc' dir='ltr'><em>εἷλκε</em></span> <span class='ocrx_word' id='word_1_403' title='bbox 503 2969 572 3006; x_wconf 84' lang='lat' dir='ltr'>legi</span> <span class='ocrx_word' id='word_1_404' title='bbox 593 2970 629 2998; x_wconf 90' lang='lat' dir='ltr'>in</span> <span class='ocrx_word' id='word_1_405' title='bbox 648 2970 885 3000; x_wconf 76' lang='lat' dir='ltr'>vetustissimo</span> <span class='ocrx_word' id='word_1_406' title='bbox 905 2969 1092 3008; x_wconf 83' lang='lat' dir='ltr'>exemplari</span> <span class='ocrx_word' id='word_1_407' title='bbox 1113 2971 1326 3007; x_wconf 86' lang='lat' dir='ltr'>Harrisiano,</span> <span class='ocrx_word' id='word_1_408' title='bbox 1346 2969 1460 3000; x_wconf 64' lang='lat' dir='ltr'>immin</span> <span class='ocrx_word' id='word_1_409' title='bbox 1474 2966 1612 2999; x_wconf 76' lang='lat' dir='ltr'>ceteris,</span> <span class='ocrx_word' id='word_1_410' title='bbox 1747 2967 1766 2996; x_wconf 82' lang='lat' dir='ltr'>lc</span> <span class='ocrx_word' id='word_1_411' title='bbox 1789 2964 1963 3003; x_wconf 75' lang='lat' dir='ltr'>Lapidum</span> 
     </span>
    </p>

    <p class='ocr_par' dir='ltr' id='par_1_16' title="bbox 136 3016 1962 3060">
     <span class='ocr_line' id='line_1_43' title="bbox 136 3016 1962 3060; baseline 0.001 -11"><span class='ocrx_word' id='word_1_412' title='bbox 136 3020 328 3050; x_wconf 81' lang='lat' dir='ltr'>Atticorum</span> <span class='ocrx_word' id='word_1_413' title='bbox 358 3021 556 3051; x_wconf 77' lang='lat' dir='ltr'>testimonia</span> <span class='ocrx_word' id='word_1_414' title='bbox 582 3020 701 3051; x_wconf 82' lang='lat' dir='ltr'>attulit</span> <span class='ocrx_word' id='word_1_415' title='bbox 725 3021 958 3052; x_wconf 83' lang='lat' dir='ltr'>Meisterhans</span> <span class='ocrx_word' id='word_1_416' title='bbox 981 3023 1134 3053; x_wconf 81' lang='lat' dir='ltr'>Gramm.</span> <span class='ocrx_word' id='word_1_417' title='bbox 1158 3024 1190 3053; x_wconf 86' lang='lat' dir='ltr'>d.</span> <span class='ocrx_word' id='word_1_418' title='bbox 1216 3026 1276 3053; x_wconf 86' lang='lat' dir='ltr'>att.</span> <span class='ocrx_word' id='word_1_419' title='bbox 1307 3021 1457 3052; x_wconf 78' lang='lat' dir='ltr'>Inschr.²</span> <span class='ocrx_word' id='word_1_420' title='bbox 1482 3023 1557 3060; x_wconf 87' lang='grc'><em>136,</em></span> <span class='ocrx_word' id='word_1_421' title='bbox 1581 3019 1889 3059; x_wconf 82' lang='lat' dir='ltr'>grammaticorum</span> <span class='ocrx_word' id='word_1_422' title='bbox 1912 3016 1962 3046; x_wconf 76' lang='lat' dir='ltr'>La</span> 
     </span>
    </p>

    <p class='ocr_par' dir='ltr' id='par_1_17' title="bbox 138 3071 1961 3155">
     <span class='ocr_line' id='line_1_44' title="bbox 138 3071 1961 3116; baseline -0.001 -14"><span class='ocrx_word' id='word_1_423' title='bbox 138 3072 251 3102; x_wconf 83' lang='lat' dir='ltr'>Boche</span> <span class='ocrx_word' id='word_1_424' title='bbox 269 3072 441 3111; x_wconf 83' lang='lat' dir='ltr'>Augment</span> <span class='ocrx_word' id='word_1_425' title='bbox 464 3074 517 3103; x_wconf 87' lang='grc'>21.</span> <span class='ocrx_word' id='word_1_426' title='bbox 541 3073 630 3104; x_wconf 85' lang='lat' dir='ltr'>Item</span> <span class='ocrx_word' id='word_1_427' title='bbox 654 3075 690 3103; x_wconf 90' lang='lat' dir='ltr'>in</span> <span class='ocrx_word' id='word_1_428' title='bbox 706 3074 882 3112; x_wconf 79' lang='lat' dir='ltr'>lapidibus</span> <span class='ocrx_word' id='word_1_429' title='bbox 903 3073 1104 3114; x_wconf 83' lang='lat' dir='ltr'>Epidauriis</span> <span class='ocrx_word' id='word_1_430' title='bbox 1127 3077 1241 3116; x_wconf 80' lang='grc' dir='ltr'><em>ἀνηῡρε</em></span> <span class='ocrx_word' id='word_1_431' title='bbox 1268 3072 1398 3112; x_wconf 59' lang='grc'><em>334026,</em></span> <span class='ocrx_word' id='word_1_432' title='bbox 1422 3072 1509 3115; x_wconf 81' lang='grc' dir='ltr'><em>ηὗρεν</em></span> <span class='ocrx_word' id='word_1_433' title='bbox 1530 3071 1657 3104; x_wconf 68' lang='lat'><strong>334210.</strong></span> <span class='ocrx_word' id='word_1_434' title='bbox 1794 3073 1808 3103; x_wconf 82' lang='lat' dir='ltr'><em>l</em></span> <span class='ocrx_word' id='word_1_435' title='bbox 1829 3072 1860 3101; x_wconf 85' lang='grc' dir='ltr'><strong>Ω</strong></span> <span class='ocrx_word' id='word_1_436' title='bbox 1884 3073 1961 3103; x_wconf 83' lang='grc'><strong>678.</strong></span> 
     </span>
     <span class='ocr_line' id='line_1_45' title="bbox 250 3126 421 3155; baseline 0.006 -1"><span class='ocrx_word' id='word_1_437' title='bbox 250 3134 280 3154; x_wconf 89' lang='lat' dir='ltr'>m</span> <span class='ocrx_word' id='word_1_438' title='bbox 304 3137 319 3155; x_wconf 88' lang='grc' dir='ltr'><em>ο</em></span> <span class='ocrx_word' id='word_1_439' title='bbox 345 3126 421 3155; x_wconf 89' lang='grc'><strong>222.</strong></span> 
     </span>
    </p>
   </div>
  </div>
 </body>
</html>
