2234 3443
209 211 234 248 4
986 215 1244 244 PRAEFATIO.

207 336 336 382 atque
368 333 456 371 fato
488 332 725 370 narrabant
740 339 773 369 α.
805 330 929 369 Multi
956 330 1051 368 eius
1077 329 1266 378 patriam
1293 329 1501 367 dixerunt
1529 328 1765 378 Smyrnam
1782 331 1930 370 urbem
1950 331 1966 360 b
1984 333 2028 371 in

207 401 399 442 Aeolidis
430 402 472 439 et
497 399 643 437 Ioniae
676 396 860 436 confinio
892 398 1039 445 sitam,
1074 397 1126 434 ab
1161 395 1368 434 Aeolibus
1400 396 1537 444 Gyma
1569 397 1763 436 oriundis
1794 400 2028 449 conditam,

206 472 355 517 postea
388 467 439 507 ab
472 465 649 505 Ionibus
681 464 959 512 Colophoniis
986 465 1162 512 captam
1189 465 1233 501 et
1259 465 1519 511 occupatam
1535 465 1564 502 θ.
1595 460 1716 505 Chios
1740 466 1882 505 civem
1900 477 2030 505 suum

209 539 449 577 Homerum
482 534 664 573 iactavit
696 535 872 581 propter
903 533 1118 580 hymnum
1151 531 1366 579 Apollinis
1393 531 1515 579 Delii,
1544 541 1720 570 carmen
1739 534 1866 579 poeta
1882 532 2032 571 Iliadis

209 605 486 653 Odysseaeve
537 602 612 639 vix
653 601 846 649 dignum,
889 600 967 639 sed
1008 609 1033 638 a
1081 598 1301 637 veteribus
1347 599 1386 637 ei
1432 599 1664 648 tributum,
1708 599 1831 637 cuius
1877 599 2031 647 hymni

209 674 335 720 poeta
366 672 434 709 his
467 669 610 708 verbis
642 668 774 707 finem
807 667 992 706 canendi
1020 666 1147 705 fecit:

563 732 645 773 ἀλλ’
682 731 811 786 ἄγεθ’,
841 734 972 773 ἱλήκοι
1003 731 1075 783 μὲν
1111 732 1306 772 Ἀπόλλων
1339 731 1528 783 Ἀρτέμιδι
1559 733 1645 781 ξύν,

560 802 709 853 χαίρετε
741 799 774 840 δ’
812 796 913 851 ὗμεσ
943 807 1078 839 πᾶσαι.
1112 800 1217 851 ἐμεῖο
1252 798 1295 839 ὁὲ
1326 800 1393 838 καὶ
1424 801 1639 850 μετόπισθε

562 865 780 919 μνήσασθ’,
809 866 958 907 ὁππότε
988 867 1057 906 κέν
1088 880 1147 906 τισ
1179 866 1422 918 ἐπιχθονίων
1453 866 1683 918 ἀνθρώπων

561 933 698 976 ἐνθάδ’
737 935 956 987 ἀνείρηται,
990 939 1122 983 ξεῖιόσ
1153 935 1409 984 ταλαπείριοσ
1440 933 1583 973 ἐλθών·

561 999 625 1057 ,,ὦ
656 1010 814 1055 κοῦραι,
845 1007 906 1041 τίσ
939 999 974 1042 δ’
1011 998 1107 1054 ὗμιν
1139 1001 1241 1053 ἀνὴρ
1273 1003 1470 1056 ρίδιστοσ
1501 1001 1654 1041 ἀοιδῶν

562 1071 711 1110 ἐνθάδε
742 1070 937 1121 nostiam,
967 1069 1034 1109 καὶ
1065 1068 1152 1109 τὲωι
1184 1069 1375 1120 τέρπεσθε
1407 1069 1620 1119 (Λιοῖλιστοις6

561 1135 662 1189 ὗμεσ
692 1135 726 1178 δ’
764 1133 808 1178 εὖ
840 1138 945 1189 μάλα
977 1144 1102 1178 πᾶσαι
1133 1134 1406 1188 ὑποκρίνασθ’
1442 1136 1648 1188 ἐϋφήμωσ·

557 1206 737 1256 „impios
769 1205 885 1256 ἀνήρ,
914 1209 1052 1258 fotus?
1078 1203 1120 1243 δὲ
1154 1206 1257 1243 Χίωι
1288 1204 1347 1243 ἔνι
1378 1202 1742 1254 παιπαλοέσσκι“ἅ,
1768 1227 1819 1233 -—

204 1287 371 1316 caecum
412 1276 545 1324 igitur
587 1278 811 1314 cantorem
859 1271 952 1312 Chii
986 1273 1242 1312 habitantem
1276 1273 1422 1311 verbis
1454 1273 1568 1311 haud
1602 1273 1820 1321 ambiguis
1851 1283 1898 1312 se
1929 1284 2033 1312 nun-

204 1354 384 1394 cupans.
432 1343 572 1382 Genus
617 1345 766 1382 autem
814 1342 885 1380 vel
932 1342 1078 1390 potius
1119 1341 1289 1380 societas
1319 1341 1532 1388 quaedam
1566 1342 1609 1378 in
1642 1340 1786 1379 insula
1815 1340 1920 1379 Chio
1952 1341 2036 1380 fuit

205 1418 282 1450 τῶν
315 1408 542 1461 Ὁμηριὸῶν
584 1411 680 1450 sive
722 1414 955 1450 cantorum
994 1411 1067 1457 qui
1098 1410 1280 1448 Homeri
1312 1410 1509 1448 carmina
1540 1409 1762 1448 recitando
1794 1410 1961 1448 vicium
1994 1412 2039 1449 et

204 1480 373 1519 famam
416 1479 500 1518 sibi
542 1479 846 1527 quaeritabant
864 1486 893 1518 θ.
936 1478 1056 1527 Quod
1088 1488 1250 1516 nomen
1283 1478 1384 1525 quin
1418 1477 1470 1516 ab
1501 1477 1639 1526 ipsius
1668 1477 1851 1515 Homeri
1881 1479 2034 1525 poetae

204 1548 380 1587 nomine
412 1547 543 1586 fuerit
575 1548 754 1587 ductum
788 1557 874 1586 non
907 1549 976 1586 est
1006 1543 1348 1585 dubitandumf.

327 1614 565 1663 Colophonis
604 1615 649 1653 in
691 1615 873 1662 Margite
915 1615 1110 1653 carmine
1151 1612 1285 1652 fiebat
1325 1613 1539 1652 mentioa.
1572 1612 1743 1651 Rhodus
1774 1614 1817 1650 et
1850 1611 2035 1651 Salamis

210 1679 370 1732 Cypria
402 1683 512 1721 unde
545 1682 630 1721 sibi
661 1682 903 1721 sumserint
930 1684 978 1721 ut
1004 1691 1134 1720 suum
1164 1681 1304 1719 civem
1330 1680 1571 1719 Homerum
1589 1679 1726 1718 fuisse
1743 1679 2034 1728 gloriarentur

292 1870 313 1889 a
335 1861 476 1890 Homeri
510 1861 606 1891 Vitas
640 1861 857 1898 collegerunt
887 1861 925 1890 A.
958 1861 1194 1891 Westermann
1224 1858 1410 1897 Biograph.
1439 1860 1453 1888 1
1481 1867 1568 1897 sqq„
1596 1859 1692 1895 1845,
1716 1859 1779 1888 Th.
1800 1859 1848 1888 W.
1875 1859 1973 1888 Allen
1999 1860 2033 1889 in

205 1912 346 1943 Homeri
371 1914 423 1943 ed.
443 1914 550 1944 oxon.
575 1914 601 1943 V
628 1916 691 1944 184
715 1923 803 1952 sqq„
832 1914 928 1944 1911.
952 1914 1061 1943 Primi
1084 1913 1127 1942 de
1147 1911 1291 1942 Homeri
1310 1913 1381 1942 vita
1401 1914 1436 1942 et
1455 1920 1580 1950 genere
1601 1912 2033 1951 scripseruntlogographi

205 1966 354 1995 saeculis
378 1969 458 1996 ante
482 1965 560 1996 Chr.
585 1967 646 1997 VI⁰
672 1969 706 1996 et
730 1967 784 2002 ΥΟ,
809 1967 843 1995 in
867 1967 921 1996 his
943 1965 1162 2003 Pherecydes
1184 1966 1319 2002 Lerius,
1343 1964 1569 1998 Senrebuseh
1591 1964 1683 1994 Diss-
1711 1966 1808 1994 Eom.
1833 1965 1848 1994 I
1875 1966 1936 1995 157
1959 1974 2033 2003 sqq.

339 2019 354 2048 b
379 2019 416 2049 Iu
441 2020 496 2049 his
518 2020 688 2050 Pindarus
714 2022 747 2049 et
774 2020 1026 2049 Stesimbrotus
1050 2019 1210 2049 Thasius.
1347 2027 1363 2047 c
1386 2016 1584 2048 Mimnerm.
1605 2018 1647 2047 fr.
1672 2018 1690 2047 9
1716 2018 1808 2056 apud
1827 2018 1937 2047 Strab.
1960 2020 2036 2054 634,

202 2072 365 2102 Herodot.
402 2073 417 2101 Ι
455 2074 493 2102 16
524 2075 558 2102 et
592 2074 666 2108 150,
700 2071 847 2102 Pausan.
881 2073 945 2103 VII
973 2073 991 2102 5
1016 2073 1032 2109 ᾗ
1060 2074 1088 2102 1.
1112 2072 1215 2102 Iones
1238 2073 1354 2101 autem
1384 2072 1463 2107 quia
1489 2080 1530 2100 ex
1562 2069 1678 2100 Attica
1703 2072 1737 2100 in
1757 2069 1876 2100 Asiam
1899 2072 2033 2101 venisse

201 2125 414 2164 ferebantur,
449 2126 618 2154 Homerus
654 2126 865 2162 Smyrnaeus
899 2123 1039 2155 Athenis
1072 2124 1240 2154 oriundus
1275 2123 1375 2153 audit
1405 2125 1440 2153 in
1472 2124 1722 2162 epigrammate
1748 2118 1826 2162 (IIIi
1851 2127 1930 2154 ante
1956 2125 2033 2154 Chr.

204 2176 370 2218 saeouli?)
404 2177 439 2207 in
470 2178 643 2207 Pisistrati
669 2178 835 2207 honorem
862 2177 1072 2216 composito:
1100 2178 1250 2217 ἡμέτεροσ
1274 2178 1332 2216 γὰρ
1356 2182 1458 2206 nervon
1484 2177 1499 2205 ὃ
1523 2179 1662 2215 χρύσεοσ
1686 2173 1721 2214 ἦν
1743 2179 1902 2215 πολιήτησ,
1925 2174 1930 2216 Ι
1952 2178 2035 2217 εἴπερ

205 2233 368 2270 Ἀθηναῖοι
400 2232 544 2270 Σμύρναν
576 2231 802 2266 ἀπωικίσαμεν.
937 2228 960 2258 d
989 2230 1031 2259 H.
1066 2231 1128 2268 Ap.
1164 2230 1225 2259 165
1257 2238 1345 2266 sqq„
1369 2229 1522 2267 Thucyd.
1547 2229 1601 2259 III
1627 2230 1701 2259 104.
1724 2229 1774 2258 Ex
1796 2229 1852 2259 his
1873 2228 2033 2260 versibus

204 2284 308 2313 etiam
337 2282 533 2313 Simonides
558 2285 660 2321 poeta
684 2283 823 2312 videtur
846 2281 1006 2312 effecisse
1026 2283 1215 2312 Homerum
1232 2282 1353 2312 Chium
1370 2280 1492 2317 fuisse,
1506 2291 1584 2320 pag.
1601 2282 1661 2320 29.
1796 2292 1813 2312 e
1835 2283 1946 2313 Strab.
1960 2283 2035 2319 645,

203 2337 369 2375 Harpocr.
403 2345 430 2366 Ε.
466 2345 509 2371 V.,
544 2336 652 2366 schol.
687 2336 785 2365 Pind.
817 2336 913 2366 Nem.
936 2335 972 2365 II
998 2337 1032 2365 1:
1053 2331 1211 2376 Ὁμηρίδαι
1236 2335 1374 2373 ἐλέγοντο
1399 2335 1432 2364 τὸ
1455 2336 1513 2371 μὲν
1536 2336 1671 2375 ἀρχαῖον
1695 2338 1724 2364 οἷ
1743 2335 1804 2364 ἀπὸ
1830 2340 1884 2365 τοῦ
1900 2336 2032 2377 Ὁμήρου

202 2389 313 2420 νένουσ
336 2388 416 2426 (hoo
439 2387 612 2419 Acusilaus
634 2387 941 2427 historiographus
965 2389 1104 2418 Ionicus
1129 2387 1308 2426 perhibuit
1329 2387 1469 2417 saeculo
1493 2387 1547 2423 V0,
1571 2388 1737 2426 Harpoor.
1761 2388 1784 2417 l.
1807 2389 1856 2426 1.),
1877 2391 1903 2419 οἳ
1916 2391 1966 2420 καὶ
1979 2390 2032 2428 τὴν

203 2443 330 2480 ποίησιν
354 2443 451 2471 αὐτοῦ
474 2444 507 2471 ἐκ
531 2442 688 2480 διαδοχῆσ
714 2439 808 2479 ἧιδον,
833 2442 910 2478 μετὰ
934 2441 967 2470 δὲ
991 2446 1090 2470 ταῦτα
1114 2442 1165 2470 καὶ
1189 2443 1216 2470 οἱ
1241 2441 1398 2479 ῥαψωιὸοί
1421 2440 1486 2476 (Sic
1513 2439 1677 2470 Pindarus
1701 2441 1723 2471 l.
1746 2441 1895 2478 l.,testis
1908 2442 2034 2473 ceteris

204 2495 392 2532 antiquior3
426 2495 508 2525 item
545 2493 632 2524 Plat.
668 2494 740 2524 Ion.
779 2495 842 2524 530
856 2493 887 2529 d,
922 2494 1029 2524 Isoor.
1061 2494 1183 2523 Helen.
1206 2494 1224 2532 ξ
1250 2491 1317 2533 65),
1341 2495 1443 2523 οὐκέτι
1467 2493 1501 2522 τὸ
1522 2492 1613 2528 γένοσ
1636 2495 1682 2523 εἰσ
1697 2494 1830 2535 ’Όμηρον
1853 2496 2031 2532 ἀνάγοντεσ.

202 2549 364 2587 &nuperum
400 2547 433 2576 δὲ
470 2547 610 2584 ἐγένοντο
647 2550 675 2576 οἱ
704 2548 773 2587 περὶ
811 2549 987 2582 Κύναιθον,
1020 2548 1076 2576 offo
1107 2557 1185 2586 φασι
1210 2547 1309 2576 πολλὰ
1333 2552 1393 2575 τῶν
1417 2548 1497 2575 ἐπῶν
1522 2548 1717 2583 ποιήσαντασ
1742 2550 1886 2587 ἐμβαλεῖν
1907 2550 1953 2578 εἰσ
1976 2549 2030 2587 τὴν

197 2600 328 2641 Ὀμήρου
363 2603 497 2638 ποίησιν.
534 2597 569 2638 ἦν
604 2600 636 2630 δὲ
669 2601 684 2629 ὁ
721 2602 889 2630 Ιίύναιθοσ
924 2603 1016 2634 Χῑοσ,
1039 2599 1076 2629 ὃσ
1107 2601 1158 2630 καὶ
1189 2606 1248 2629 τῶν
1273 2599 1530 2640 ἐπιγραφομένων
1549 2599 1680 2639 Ὀμήρου
1704 2602 1885 2638 ποιημάτων
1906 2601 1960 2630 τὸν
1984 2603 2030 2631 εἰσ

202 2653 379 2683 Ἀπόλλωνα
413 2652 626 2694 γεγραμμένον
662 2653 758 2689 ὕμνον
792 2653 912 2690 λέγεται
947 2653 1157 2690 πεποιηκέναι.
1190 2651 1283 2682 οὖτοσ
1308 2649 1362 2682 οὖν
1387 2653 1403 2681 ὁ
1427 2654 1596 2681 Κύναιθοσ
1615 2657 1737 2693 πρῶτοσ
1764 2655 1794 2682 ἐν
1814 2656 2031 2694 Συρακούσαισ

204 2705 419 2744 ἐρραψώιδησε
453 2706 492 2734 τὰ
518 2705 650 2746 Ὀμήρου
684 2706 741 2743 ἔπη
766 2706 845 2734 κατὰ
869 2705 922 2742 τὴν
949 2704 1114 2744 ἑξηκοστὴν
1138 2707 1247 2743 ἐνάτην
1269 2705 1459 2741 Ὀλυμπιάδα
1478 2705 1558 2741 (500
1583 2714 1613 2733 a.
1639 2705 1703 2743 C.),
1727 2706 1770 2734 ὡσ
1790 2705 2030 2747 (Ιππόστρατόσ

203 2768 297 2796 φησιν
332 2758 376 2790 (δν
410 2757 607 2795 Σικελικοῖσ).
641 2757 706 2793 Qui
741 2757 989 2796 Hippostratus
1025 2757 1248 2787 historiarum
1282 2758 1430 2795 scriptor
1465 2757 1556 2786 circa
1592 2756 1719 2787 Christi
1747 2757 1880 2786 natales
1905 2757 2030 2787 vixisse

202 2809 349 2845 videtur,
374 2819 451 2839 sero
476 2811 582 2848 igitur
609 2812 710 2839 natus
734 2810 783 2840 rei
809 2812 944 2846 auotor3
970 2818 1050 2840 vero
1070 2812 1185 2839 autem
1208 2808 1443 2840 dissimillima
1458 2811 1510 2839 est
1523 2818 1611 2847 quae
1624 2808 1655 2838 ei
1668 2809 1834 2840 tribuitur
1846 2811 2030 2840 sententia.

203 2861 286 2891 Nam
322 2862 487 2899 hymnum
522 2861 697 2901 Apollinis
731 2863 774 2893 V⁰
810 2862 949 2893 demum
988 2863 1127 2893 saeculo
1162 2863 1304 2893 ineunte
1340 2863 1573 2901 compositum
1608 2870 1684 2892 esse
1719 2859 1797 2897 quis
1828 2859 1962 2890 credat!
1985 2861 2029 2890 Et

205 2913 382 2954 Thucydidi
415 2918 508 2945 certe
545 2916 664 2953 ignota
694 2914 761 2945 fuit
785 2924 837 2952 ea,
862 2924 951 2953 quae
974 2917 1095 2954 postea
1120 2916 1340 2954 Hippostrati
1360 2914 1470 2946 fuisse
1495 2916 1615 2950 fertur,
1638 2911 1755 2952 opinio
1775 2913 1817 2942 de
1842 2912 2029 2950 Cynaetho,

199 2967 285 2997 item
319 2966 535 3007 Aristophani
569 2968 719 3004 comi003
757 2968 907 2999 Homero
937 2969 1028 2998 enim
1059 2969 1158 2998 illum
1188 2969 1354 3007 hymnum
1379 2968 1502 2998 tribuit
1524 2969 1671 3005 uterque
1693 2965 1862 3006 (Thucyd.
1886 2965 1940 2995 ΙΙΙ
1965 2967 2027 2996 104

202 3020 377 3059 Aristoph.
393 3020 453 3050 Av.
477 3018 566 3060 575).
693 3019 724 3060 f
742 3021 927 3059 Perperam
954 3021 1019 3050 hoo
1044 3021 1194 3058 negabat
1217 3020 1366 3051 Seleucus
1386 3020 1635 3058 grammaticus
1655 3019 1785 3048 saeculi
1805 3015 2028 3058 Ii(Harp001-.

201 3081 227 3102 8.
253 3073 311 3110 V.).
441 3082 463 3112 ῃ
490 3070 565 3110 ἦλθέ
591 3084 640 3103 tm
664 3075 709 3103 εἰσ
737 3076 910 3113 Κολοφῶνα
935 3073 1031 3114 γέρων
1052 3074 1102 3103 καὶ
1115 3078 1205 3103 θεῖοσ
1219 3074 1329 3103 ἀοιδόσ
1344 3071 1488 3113 (Atilius
1504 3072 1713 3102 Fortunatus
1729 3071 1879 3101 Gramm.
1894 3070 1970 3100 Lat.
1983 3071 2028 3100 VI

203 3127 266 3156 286
302 3124 403 3163 Keil).
437 3142 482 3147 -
518 3126 724 3164 Colophonii
761 3127 902 3156 suerunt
941 3124 1150 3165 Xenophanes
1180 3121 1236 3156 Vli
1260 3127 1389 3156 saeculi
1415 3124 1611 3163 rhapsodus
1634 3125 1668 3153 et
1690 3121 1903 3153 Antimachus
1926 3125 2029 3161 poeta

201 3180 322 3217 opicus
346 3179 476 3209 saeculi
499 3177 548 3209 Vi.
572 3179 636 3208 Hic
661 3180 851 3208 Homerum
876 3176 1125 3216 Colophonium
1151 3177 1255 3213 dixit3
1280 3179 1363 3207 item
1389 3180 1511 3216 postea
1534 3175 1707 3207 Nicander.
