2234 3443
301 180 386 219 316
766 190 820 218 DF:
851 189 1075 219 srmprsus
1107 189 1153 218 m
1184 188 1211 229 ῑ,
1241 189 1280 229 ῦ,
1309 190 1643 220 mem-nomon.
1806 182 1844 228 [ἓ
1880 183 2111 222 171-175

299 305 392 342 erat
438 299 603 351 κίνυμαι
648 311 853 342 Μουεονα.
903 302 1127 342 causativi
1170 303 1291 342 verbi
1333 302 1451 342 κῑνέω
1493 305 1573 343 cieo
1605 305 1648 343 in
1681 305 1816 353 epicis
1848 305 2114 344 carminibus

297 369 418 408 solus
449 369 639 408 aoristus
670 372 738 408 est
766 372 1016 419 usurpatus,
1048 367 1211 420 ἐκίνησα
1243 372 1286 409 et
1315 381 1433 419 pass.
1464 369 1672 420 ε’κῑνήθην.

413 491 440 545 ξ
474 493 591 536 172⁸.
624 494 764 534 Verba
796 493 926 544 δίεμαι
959 497 1002 534 et
1033 492 1170 547 fissam
1201 496 1508 536 tractabuntur
1539 493 1692 537 infrab.

548 757 637 796 111.
672 757 739 795 De
770 757 1017 806 stirpibus
1046 759 1099 797 in
1131 767 1190 796 αο
1222 759 1309 797 vel
1340 759 1393 797 in
1424 768 1474 797 ευ
1508 759 1873 799 desinentibus.

413 874 441 932 ξ
475 877 574 922 173.
616 879 914 929 Complurium
957 882 1161 930 stirpium
1202 881 1469 930 diphthongo
1510 897 1562 920 αυ
1604 881 1676 920 vel
1705 895 1748 919 ευ
1779 880 2115 921 terminatarum

293 947 469 995 tempus
500 957 707 995 praesens
738 958 845 987 sono
882 963 895 985 ι
927 951 1105 987 auctum
1141 948 1367 987 desinebat
1393 950 1437 988 in
1469 948 1560 987 -αίω
1593 949 1663 988 vel
1688 949 1732 988 in
1758 947 1843 986 -είω
1856 954 1884 987 ⁶.
1914 947 2055 986 Sonus
2081 959 2115 984 ει

242 1013 245 1016 ’
291 1023 423 1062 saepe
455 1016 521 1052 est
553 1016 788 1064 correptus,
821 1025 932 1063 quae
963 1025 1033 1054 res
1064 1016 1179 1054 haud
1211 1013 1357 1055 mirad
1385 1017 1519 1055 etiam
1546 1016 1759 1055 illustrari
1785 1016 1929 1065 potest
1945 1013 2117 1053 collatis

294 1080 438 1118 verbis
469 1080 512 1119 in
544 1081 642 1120 -εύω
675 1082 768 1121 sive
800 1081 870 1120 -έω
903 1082 1208 1122 desinentibus
1223 1090 1251 1122 θ.

410 1146 553 1187 Verba
590 1148 634 1187 in
665 1149 759 1187 -αίω
791 1151 834 1188 et
863 1149 963 1199 -είω,
994 1160 1061 1189 ex.
1095 1161 1157 1199 gr.
1190 1149 1311 1188 κλαίω
1349 1150 1416 1189 vel
1447 1150 1551 1201 χείω,
1581 1161 1667 1190 non
1699 1151 1762 1189 ita
1794 1151 1898 1188 sunt
1928 1150 2034 1187 nata
2064 1149 2113 1186 ut

292 1216 412 1262 prius
437 1215 600 1254 fuerint
626 1217 771 1268 niaflm
798 1219 841 1255 et
867 1217 995 1269 χερίω,
1021 1218 1119 1257 dein
1142 1228 1278 1257 sonus
1294 1233 1319 1257 v
1337 1219 1431 1257 sive
1446 1234 1477 1271 f
1495 1218 1663 1258 duabus
1679 1217 1902 1257 vocalibus
1917 1215 2115 1254 inclusus

292 1282 539 1329 evanuerit;
587 1293 690 1322 nam
738 1284 927 1333 vocales,
975 1295 1084 1333 quae
1132 1295 1238 1324 sono
1285 1301 1315 1338 f
1362 1285 1466 1324 olim
1507 1286 1699 1324 fuissent
1743 1285 1966 1331 diremtae,
2006 1292 2115 1322 aevo

292 1352 520 1398 poetarum
573 1351 793 1399 epicorum
844 1352 1061 1391 confluere
1107 1363 1193 1392 non
1241 1351 1496 1402 poterants,
1555 1354 1709 1391 niatmff
1756 1352 1890 1400 igitur
1935 1353 1978 1389 et
2022 1349 2112 1399 χεΐω

292 1416 477 1456 dixisset
517 1419 644 1466 poeta
685 1418 833 1457 Iliadis
873 1419 943 1458 vel
981 1419 1216 1468 Odysseae.
1249 1420 1308 1458 At
1339 1430 1425 1459 non
1458 1420 1582 1467 dixit,
1615 1430 1717 1459 nam
1751 1418 2045 1467 diphthongos
2075 1431 2116 1454 αι

293 1486 337 1522 et
368 1498 401 1522 ει
433 1494 562 1533 saepe
592 1485 636 1523 in
669 1486 757 1524 arsi
788 1486 1032 1526 collocavit.
1066 1486 1128 1526 Ne
1160 1488 1257 1535 quis
1285 1490 1434 1527 autem
1465 1488 1712 1536 suspicetur
1744 1497 1769 1526 a
1795 1487 1929 1535 stirpe
1956 1494 2062 1524 sono
2089 1499 2112 1522 υ

291 1551 456 1590 carenti
497 1567 547 1603 γα
588 1553 717 1591 ducta
758 1563 854 1592 esse
894 1553 1008 1604 γαίω,
1038 1554 1228 1605 γάνυμαι,
1257 1553 1407 1605 γκθέω,
1438 1565 1463 1594 a
1499 1555 1637 1604 stirpe
1667 1570 1744 1605 yav
1776 1555 1924 1593 autem
1954 1552 2115 1601 §audeo

291 1622 335 1656 et
364 1624 531 1669 γαῦροσ,
561 1621 604 1658 et
636 1619 994 1660 similem‘fuisse
1027 1622 1240 1670 originem
1273 1632 1430 1661 vocum
1463 1622 1577 1672 δαίω,
1606 1622 1717 1674 καίω,
1748 1619 1884 1670 ἐκάην,
1912 1618 2033 1658 κλαίω
2070 1621 2114 1658 et

291 1684 501 1734 δέδαυμαι,
540 1684 679 1738 gunfo,
718 1692 864 1737 καῦμα,
894 1688 1119 1737 κλαυθμόσ,
1150 1688 1326 1728 obstant
1357 1689 1489 1728 verba
1519 1689 1563 1728 in
1595 1689 1680 1728 -είω
1713 1688 1971 1736 desinentia,
2003 1696 2112 1734 quae

292 1753 373 1791 hac
404 1753 572 1792 ratione
606 1754 815 1802 explicari
846 1765 930 1794 non
964 1757 1161 1804 possunt.
1552 1744 1555 1746 ’

410 1819 676 1869 Quapropter
715 1822 835 1861 fuere
876 1823 948 1870 qui
989 1823 1236 1862 conicerent
1277 1824 1464 1862 traditas
1505 1823 1735 1863 verborum
1775 1821 1936 1871 figuras
1977 1820 2116 1868 πνείει,

290 1886 431 1936 θείειν,
460 1897 655 1936 quaeque
688 1888 992 1928 huiuscemodi
1025 1892 1128 1928 sunt
1159 1889 1284 1939 aliae,
1319 1891 1557 1929 mutandas
1589 1901 1686 1930 esse
1716 1891 1758 1929 in
1790 1890 1942 1937 πνεύει,
1965 1890 2118 1930 θείειν,

288 1954 386 1993 alia.
432 1955 514 1993 Sed
557 1956 875 2004 diphthongum
918 1970 949 1995 ει
992 1959 1140 1996 tuetur
1180 1957 1496 1997 adiectivorum
1530 1959 1575 1997 in
1605 1958 1675 1996 -ύσ
1706 1957 1998 1997 desinentium
2030 1957 2113 1994 ter-

289 2022 435 2060 minus
466 2023 667 2061 feminini
697 2026 801 2071 -εῐα;
835 2035 938 2063 nam
966 2027 1015 2063 ut
1044 2025 1191 2077 fatisia
1223 2036 1278 2064 ex
1308 2025 1483 2078 fnds'fm
1515 2027 1583 2065 est
1607 2028 1775 2075 natum,
1804 2026 1867 2064 sic
1891 2019 2038 2062 κλείω)ζ
2056 2032 2111 2061 ex

288 2088 437 2140 uisfiw.
470 2089 580 2138 Ergo
612 2100 820 2130 sonorum
846 2106 894 2144 H
924 2091 1151 2131 conflictus
1178 2102 1262 2132 non
1290 2092 1545 2141 prohibebat
1571 2094 1806 2141 quominus
1831 2091 1954 2130 fieret
1978 2100 2114 2129 sonus

288 2169 334 2203 ει,
375 2166 513 2204 neque
552 2157 738 2196 deterior
781 2159 952 2197 videtur
992 2159 1288 2208 diphthongus
1321 2160 1439 2199 verbi
1469 2160 1568 2198 καίω
1601 2159 1670 2199 vel
1700 2160 1798 2198 θείω
1829 2168 1960 2207 quam
1992 2157 2112 2196 verbi

286 2223 406 2273 χαίρω
439 2224 509 2263 vel
540 2224 667 2273 κείρω.
699 2225 841 2264 Etiam
875 2227 1066 2264 nominis
1099 2226 1164 2264 δῖα
1196 2227 1361 2266 vocalis
1391 2237 1406 2265 ῑ
1432 2228 1494 2266 sic
1522 2229 1590 2267 est
1615 2231 1733 2277 nata,
1762 2227 1965 2276 primitus
1991 2225 2108 2264 enim

288 2291 370 2329 fuit
402 2290 508 2343 ὃίμα
541 2292 634 2331 Sive
671 2290 820 2344 δίΗαί.

405 2358 535 2397 Hisce
582 2358 960 2398 observationibus
1007 2361 1264 2408 praemissis
1309 2361 1398 2401 iam
1445 2362 1788 2401 recensebuntur
1828 2361 1959 2401 verba
1999 2370 2108 2408 quae

289 2424 418 2463 huius
444 2428 546 2464 sunt
577 2426 755 2465 ordinis.

407 2549 434 2601 ᾖ
463 2549 558 2592 174.
587 2547 684 2599 (αὖ)
702 2551 802 2590 ὶαύω
830 2556 986 2592 noctem
1013 2554 1246 2603 transi90.2·‚
1274 2564 1361 2594 aor.
1389 2550 1511 2593 ἴαυσα
1525 2553 1748 2605 “‚servata
1765 2555 2105 2605 reduplicatione

287 2618 530 2666 praesentis
544 2615 567 2657 l.
606 2618 833 2666 Disyllaba
865 2620 999 2669 stirps
1031 2619 1100 2658 ἀεσ
1131 2623 1297 2670 peperit
1329 2623 1541 2661 aoristum
1573 2633 1870 2672 synonymum
1903 2619 2052 2668 ἅε(σ)σα
2066 2630 2106 2660 m.

407 2742 431 2794 ξ
463 2740 562 2788 175.
601 2744 726 2798 (γαο)
759 2745 882 2796 γαίων
896 2754 926 2783 ⁷².
955 2747 1019 2785 Ab
1054 2748 1207 2786 eadem
1226 2744 1375 2797 'stirpe
1408 2749 1587 2788 ductum
1620 2752 1688 2789 est
1718 2750 1982 2789 adiectivum
2018 2759 2104 2788 non

374 2877 393 2896 α
429 2868 507 2897 Sola
528 2864 660 2896 ’κίνυντο
685 2870 711 2896 Δ
738 2866 812 2903 281,
839 2867 914 2903 332,
943 2867 1005 2899 427
1033 2871 1067 2897 et
1091 2873 1255 2905 κῖνύμενοσ
1282 2873 1311 2901 Κ
1336 2870 1399 2900 280
1423 2874 1458 2901 Ξ
1482 2871 1543 2903 173
1571 2884 1588 2901 x
1613 2871 1686 2902 556.
1821 2872 1837 2902 b
1864 2871 1879 2911 §
1908 2870 1967 2901 199
1982 2873 2016 2900 et
2029 2869 2105 2900 201·

420 2928 436 2948 c
471 2918 486 2958 §
514 2919 584 2949 141.
720 2919 781 2959 d§
809 2919 860 2951 17.
1005 2930 1021 2950 e
1045 2922 1127 2959 Pag.
1154 2921 1215 2954 277
1234 2932 1284 2961 sq.
1429 2923 1486 2963 f§
1513 2923 1542 2956 7.
1684 2934 1706 2964 9
1731 2925 1907 2955 Aeolicum
1933 2925 1996 2953 hoc
2020 2924 2104 2953 dicit

287 2971 476 3008 Gregorius
500 2971 574 3002 Cor.
599 2971 660 3001 583
687 2972 764 3002 Sch.
913 2971 931 3001 h
954 2971 969 3011 §
998 2972 1070 3005 183.
1218 2975 1230 3005 i
1255 2974 1336 3014 Pag.
1362 2976 1419 3006 161
1437 2987 1464 3006 z.
1604 2977 1625 3016 j
1650 2981 1668 3007 Ι
1690 2977 1752 3007 :325
1774 2978 1817 3007 al.
1961 2977 1981 3005 lc
2004 2980 2019 3006 λ
2039 2976 2101 3006 261

287 3024 319 3053 h.
346 3024 448 3053 Mero.
473 3023 536 3054 289
563 3025 636 3055 Cer.
661 3024 736 3054 264.
872 3023 989 3062 lPag.
1015 3023 1122 3065 27272.
1259 3039 1286 3057 m
1312 3041 1328 3065 γ
1357 3028 1429 3066 151,
1453 3029 1518 3059 490
1542 3042 1557 3059 ο
1581 3030 1634 3065 40,
1663 3029 1723 3059 188
1750 3040 1772 3060 n
1799 3028 1859 3060 :567
1885 3029 1948 3067 (ἐπ’
1977 3031 2102 3069 ἠπείρου

288 3075 369 3104 'unt'
397 3076 525 3112 ἄσαμεν,
545 3077 565 3105 l.
591 3086 620 3106 a.
644 3078 811 3113 ἂέσσαμυ,
836 3077 902 3115 leg.
926 3077 970 3106 ὄπ’
1001 3079 1135 3117 ἠπείροιο
1159 3081 1330 3117 ὰόσσαμεν)
1357 3092 1371 3110 τ
1396 3081 1471 3111 342.
1683 3093 1702 3111 n
1727 3084 1760 3112 A
1783 3081 1846 3111 405
1873 3085 1898 3111 E
1921 3081 1983 3111 906
2011 3085 2037 3113 Θ
2061 3082 2099 3112 51

288 3130 315 3155 A
341 3126 395 3162 81;
425 3130 654 3166 praemissum
681 3132 732 3159 est
757 3126 849 3159 κΰὸιῑ.
