2234 3443
238 208 323 245 404
911 219 964 246 DE
996 218 1241 248 PARrrcuLA
1271 213 1382 255 κε(ν).
1895 211 1932 257 [ἓ
1965 211 2052 250 326

238 340 322 368 nou
355 332 422 368 est
454 331 668 370 credibile.
701 332 900 380 Nomina,
933 333 1105 381 propria
1136 335 1408 382 praesertim,
1436 334 1609 372 aliunde
1637 333 1688 372 ab
1715 334 1769 372 iis
1797 335 1926 373 ducta
1952 338 2054 373 sunt

238 397 351 435 haud
393 407 543 446 pauca,
588 399 828 437 cuiusmodi
870 399 1047 438 libertas
1087 400 1219 438 nullis
1260 411 1345 439 non
1378 410 1585 439 concessa
1614 401 1698 439 fuit
1727 401 1887 449 poetis;
1919 401 2052 439 etiam

236 463 360 502 verba
399 465 609 503 nonnulla
638 475 815 514 peregre
847 476 944 505 esse
978 467 1145 505 adscita
1176 477 1261 506 non
1300 470 1367 506 est
1399 478 1473 506 cur
1506 471 1713 515 negetur:
1749 468 1824 506 sed
1851 468 1904 506 ad
1923 468 2052 515 parti-

236 531 349 569 culas
380 531 583 579 ipsosque
614 532 788 580 linguae
819 543 977 572 nervos
1011 534 1118 573 haec
1148 534 1328 573 licentia
1358 544 1443 573 non
1471 534 1726 583 pertinebat.
1753 535 1803 573 In
1835 534 1992 582 quibus
2016 536 2053 573 si

237 598 288 635 ab
322 608 402 636 usu
431 600 653 638 communi
679 600 1001 649 discessissent,
1035 611 1120 639 non
1148 602 1367 649 exquisita
1393 602 1468 640 sed
1495 601 1665 640 soloeca
1690 601 1881 649 proferre
1909 606 2057 640 essent

238 665 333 704 visi.
387 665 630 705 Hodiernae
675 666 850 714 linguae
896 670 1067 706 scatent
1116 669 1259 707 verbis
1305 669 1560 716 dicendique
1603 669 1832 716 generibus
1878 679 2057 718 peregre

238 733 392 775 ductis.
425 733 500 771 sed
529 743 656 772 nemo
686 744 877 781 unquam
905 735 946 773 in
980 735 1142 774 talibus
1171 736 1351 785 voculis,
1381 736 1529 783 quales
1557 738 1660 774 sunt
1684 737 1732 783 si,
1760 739 1817 785 ut,
1843 746 1952 785 cum,
1969 736 2052 785 ubi,

237 801 438 839 imitatus
476 802 543 839 est
574 801 756 848 populos
788 802 966 850 vicinos,
1001 805 1076 841 aut
1108 803 1146 841 si
1179 804 1323 842 sciens
1354 804 1473 852 fecit,
1503 803 1689 841 absurde
1719 803 1835 842 fecit.

356 867 536 906 Metrine
576 870 724 906 tamen
758 878 890 906 causa
921 869 1050 908 modo
1083 870 1207 918 hanc,
1241 871 1369 909 modo
1400 871 1523 909 illam
1556 870 1818 918 particulam
1851 870 2060 918 elegerint

239 936 421 983 poetae?
465 934 600 973 Multa
641 936 756 973 enim
799 936 931 974 habet
963 936 1093 975 dictio
1127 938 1259 986 epica,
1294 948 1476 986 quorum
1512 947 1646 977 causa
1678 948 1699 976 e
1731 937 1899 985 legibus
1930 938 2060 976 hexa-

239 1002 368 1040 metri
413 1002 646 1050 repetenda.
694 1005 776 1041 est.
824 1003 1029 1042 Fortasse
1075 1005 1117 1043 id
1162 1004 1275 1043 foret
1321 1005 1538 1053 credibile,
1587 1006 1625 1043 si
1670 1004 1808 1043 altera
1848 1004 2062 1053 particula

238 1071 466 1116 poetarum
495 1069 714 1117 epicorum
743 1070 937 1108 sermoni
965 1072 1138 1120 propria
1165 1073 1241 1110 sed
1260 1075 1402 1111 metro
1420 1072 1593 1111 heroico
1611 1072 1758 1110 minus
1775 1074 1878 1120 apta
1893 1072 2061 1120 fuisset,

239 1136 378 1174 altera
422 1136 474 1174 ab
521 1146 671 1175 eorum
719 1136 908 1175 dictione
949 1138 1091 1177 aliena
1129 1139 1205 1177 sed
1246 1139 1505 1178 hexametro
1538 1140 1782 1188 aptissima.
1816 1141 1873 1178 At
1903 1141 2059 1177 neutra

239 1205 380 1242 metro
412 1203 627 1251 dactylico
659 1226 713 1230 —-
747 1203 880 1243 ullive
912 1208 1052 1244 metro
1089 1229 1134 1234 —
1173 1206 1362 1245 molesta
1398 1210 1509 1254 erat;
1543 1206 1847 1254 monosyllaba
1873 1207 1990 1245 enim
2017 1208 2062 1244 et

238 1271 383 1310 brevis
429 1274 522 1309 erat
566 1274 762 1319 utraque,
812 1271 949 1311 altera
996 1276 1144 1311 autem
1192 1276 1363 1322 poterat
1402 1273 1541 1312 minui
1583 1274 1744 1313 elisione
1779 1275 1849 1314 vel
1882 1275 2062 1324 produci

239 1339 496 1387 paragogico
527 1354 569 1374 -ν
600 1339 781 1388 adiecto,
821 1339 960 1379 altera
990 1341 1196 1389 subiungi
1228 1341 1451 1380 vocalibus
1483 1341 1601 1380 elisis.

356 1405 466 1453 Ergo
511 1416 648 1453 neque
699 1406 831 1445 dictio
877 1417 1016 1456 neque
1063 1410 1252 1447 metrum
1301 1408 1548 1447 carminum
1591 1409 1812 1456 epicorum
1854 1409 1906 1447 ad
1948 1409 2059 1448 hanc

240 1473 538 1521 quaestionem
586 1473 842 1512 solvendam
890 1476 1122 1523 quicquam
1165 1477 1344 1515 confert.
1388 1476 1654 1525 Quapropter
1695 1477 1922 1524 Augustus
1959 1476 2060 1514 Fick

240 1541 397 1579 statuit
437 1540 480 1578 in
521 1540 670 1579 Iliadis
711 1541 1018 1590 Odysseaeque
1058 1543 1255 1591 partibus
1296 1544 1485 1582 vetustis
1517 1544 1699 1582 dialecto
1737 1543 1915 1582 Aeolica
1951 1553 2062 1582 corn—

240 1609 396 1657 positis
426 1607 569 1646 solum
601 1608 826 1647 Aeolicum
859 1613 956 1654 κε(ι)
988 1610 1213 1649 ferendum
1249 1621 1360 1659 esse,
1392 1611 1585 1649 lonicam
1619 1613 1768 1649 autem
1800 1610 2059 1659 particulam

241 1674 292 1713 ἄν
334 1676 479 1713 deberi
509 1676 818 1724 imitatoribus,
853 1677 923 1724 qui
956 1678 1201 1716 recentiora
1233 1679 1430 1717 carmina
1460 1679 1511 1716 ab
1537 1678 1652 1726 ipsis
1686 1678 1928 1726 composita
1960 1688 2058 1716 cum

241 1743 396 1792 priscis
439 1743 793 1792 conglutinarint,
839 1745 966 1783 Iones
1013 1746 1128 1784 enim
1177 1746 1256 1784 hos
1302 1746 1462 1792 fuisse;
1510 1746 1554 1784 in
1585 1746 1654 1784 his
1694 1746 1827 1794 igitur
1867 1745 2063 1794 partibus

240 1811 499 1860 particulam
533 1809 582 1847 ἅν
613 1821 700 1849 non
732 1821 827 1849 esse
860 1812 1183 1851 sollicitandam
1199 1821 1230 1852 a.

359 1878 423 1916 Ex
463 1878 532 1915 his
575 1877 717 1916 verbis
749 1878 786 1916 si
820 1879 1074 1917 eximuntur
1105 1890 1264 1918 nomen
1301 1880 1509 1918 Aeolicum
1541 1881 1583 1918 et
1615 1890 1725 1928 quae
1757 1881 1979 1928 pertinent
2009 1881 2060 1918 ad

240 1946 435 1984 studium
478 1945 583 1984 illud
626 1946 891 1984 vetustiores
933 1946 1103 1994 aliquas
1140 1948 1292 1986 iliadis
1334 1947 1403 1986 vel
1437 1948 1657 1995 Odysseae
1689 1949 1833 1996 partes
1866 1958 1890 1986 a
1921 1958 2064 1986 recen-

239 2013 423 2052 tioribus
455 2013 721 2061 secernendi,
757 2014 868 2060 quod
900 2015 1041 2052 musis
1073 2014 1380 2063 plaudentibus
1412 2016 1499 2054 iam
1527 2015 1756 2064 deferbuit,
1786 2018 1936 2054 manet
1954 2016 2064 2062 qued

240 2083 283 2119 et
330 2090 482 2118 verum
523 2082 590 2118 est
631 2083 674 2119 et
714 2082 863 2129 paucis
907 2082 1052 2120 verbis
1082 2085 1229 2131 potest
1267 2084 1595 2131 comprehendi:
1630 2083 1866 2131 genuinum
1898 2083 1940 2120 in
1974 2093 2058 2120 car—

241 2147 433 2185 minibus
479 2148 613 2195 epicis
661 2158 757 2186 esse
803 2151 916 2195 κεμι),
959 2151 1188 2197 postmodo
1231 2152 1455 2189 invectum
1498 2149 1562 2190 ἄν.
1603 2150 1650 2189 Id
1693 2150 1805 2198 quod
1847 2150 1918 2187 diu
1961 2156 2061 2187 ante

240 2214 438 2253 Fickium
481 2214 548 2252 his
586 2215 730 2253 verbis
756 2214 1022 2263 significavit
1059 2217 1250 2256 Thomas
1298 2219 1428 2256 Shaw
1460 2218 1728 2256 Brandreth:
1765 2217 1982 2266 „Homero
2013 2214 2063 2254 ἄν

243 2292 339 2320 meo
372 2281 529 2320 iudicio
561 2292 648 2321 vox
680 2283 829 2330 ignota
861 2281 1026 2322 erat”b.

360 2349 524 2397 Nempe
560 2350 663 2388 dum
701 2351 898 2388 carmina
931 2354 1105 2390 vetusta
1136 2352 1455 2401 declamantur,
1489 2352 1656 2391 sensim
1691 2353 1734 2390 et
1766 2351 1884 2390 nullo
1917 2351 2062 2388 adver·

242 2420 361 2455 tente
393 2417 568 2465 irrepsit
598 2417 793 2466 vulgaris
831 2418 986 2457 vocula
1022 2417 1110 2464 ἅνσ,
1146 2430 1231 2458 non
1265 2423 1383 2458 certa
1410 2420 1554 2467 aliqua
1586 2420 1752 2458 ratione
1785 2419 1892 2457 duce
1924 2428 2061 2465 neque

241 2484 284 2521 in
313 2494 466 2522 omnes
497 2484 614 2522 locos
645 2485 688 2523 in
722 2495 829 2532 quos
862 2485 998 2524 salvis
1030 2488 1226 2525 numeris
1254 2488 1442 2536 irrepere
1468 2483 1683 2536 poteratd,
1713 2497 1852 2535 neque
1871 2496 2060 2534 unquam

241 2551 323 2589 fuit
355 2554 528 2599 tempus
561 2561 642 2598 quo
676 2554 844 2591 cunctis
876 2552 982 2591 locis
1016 2556 1240 2593 constaret
1271 2557 1370 2593 utra
1401 2555 1614 2602 particula
1648 2558 1763 2593 esset
1796 2554 1970 2592 tradita.

328 2701 348 2720 a
373 2691 412 2720 11.
444 2691 708 2726 XXII—XXX&
747 2693 847 2721 antea
882 2700 959 2722 vero
983 2692 1083 2721 aliter
1109 2693 1278 2722 sentiens:
1307 2693 1383 2728 „die
1415 2693 1634 2722 homerische
1659 2691 1885 2730 Verbindung
1908 2693 1946 2721 ἄν
1969 2704 2061 2722 κε...

242 2744 410 2781 „bezeugt
433 2744 513 2774 dass
535 2743 596 2773 der
619 2743 812 2781 altepiwhe
834 2743 961 2773 dialect
985 2744 1085 2774 beide
1108 2746 1230 2774 worter
1254 2745 1366 2774 neben
1391 2745 1555 2775 einander
1578 2743 1732 2781 besass'’,
1760 2745 1820 2775 Od.
1837 2745 1888 2779 20,
1912 2745 1993 2774 item
2009 2746 2060 2773 30.

240 2795 447 2825 Particulam
481 2796 519 2825 ἄν
553 2796 688 2825 videtur
724 2804 789 2825 nou
825 2796 922 2833 prius
956 2800 1156 2835 suspectam
1192 2797 1356 2827 habuisse
1389 2806 1492 2835 quam
1517 2798 1634 2827 Iliadis
1658 2806 1737 2835 pars
1762 2798 1855 2835 prior
1881 2798 1970 2835 typis
1996 2795 2061 2826 suit.

241 2849 445 2886 perscripta.
578 2847 594 2877 b
621 2848 670 2877 Ad
695 2849 728 2877 Α
754 2849 805 2883 90,
830 2857 916 2877 anno
944 2850 1040 2884 1841,
1061 2858 1165 2887 supra
1188 2858 1266 2887 pag.
1294 2850 1353 2879 121
1369 2848 1399 2879 d.
1425 2850 1517 2879 Haec
1537 2849 1579 2879 de
1603 2850 1772 2888 particula
1796 2849 1877 2886 κε(ν)
1891 2856 2061 2878 commen-

241 2904 326 2930 tatio
358 2910 434 2931 cum
471 2901 647 2931 elaborata
681 2904 733 2930 est
763 2908 850 2930 anuo
881 2902 977 2936 1886,
1008 2901 1214 2931 Brandrethi
1250 2901 1331 2931 Ilias
1367 2902 1451 2931 mihi
1476 2903 1592 2939 ignota
1618 2906 1691 2931 erat
1716 2902 1860 2931 necdum
1885 2899 2061 2939 prodierat

242 2954 325 2983 Ilias
346 2953 463 2983 Fiekii.
623 2963 638 2983 c
663 2955 716 2983 Sic
741 2953 990 2990 Aristophanes
1013 2954 1096 2982 Ach.
1123 2955 1186 2983 906
1212 2955 1342 2983 rustico
1367 2954 1530 2984 Thebano
1554 2955 1639 2983 haec
1661 2954 1781 2983 tribuit
1804 2953 1923 2983 verba:
1949 2954 2059 2991 λάβομι

243 3006 353 3034 ιιέιτὰν
378 3007 489 3046 κέρδοσ
513 3008 636 3043 ἀγαγὼν
661 3008 710 3035 καὶ
731 3009 816 3035 πολύ.
843 3003 1022 3034 Faciamus
1046 3012 1158 3035 autem
1181 3014 1302 3043 parum
1325 3006 1526 3036 Boeotieum
1542 3006 1626 3036 illud
1643 3001 1756 3042 μενιίἰν
1769 3015 1835 3035 non
1849 3005 1914 3043 ipsi
1928 3005 2059 3033 comico

246 3058 374 3093 deberi,
400 3059 491 3087 hunc
520 3060 609 3088 enim
635 3060 816 3097 scripsisse
841 3061 967 3098 λάβοιμι·
992 3063 1038 3088 τοι
1062 3071 1100 3088 κα
1125 3057 1302 3098 (Blaydes)
1327 3059 1380 3088 vel
1407 3057 1520 3088 simile
1544 3058 1644 3096 qnid:
1666 3059 1718 3088 vel
1740 3057 1789 3087 sic
1803 3056 2061 3087 confirmabitur

243 3111 278 3139 id
311 3111 400 3148 quoii
424 3120 527 3149 supra
556 3114 606 3140 est
633 3111 863 3149 perhibitum:
890 3110 1003 3141 minus
1028 3113 1118 3141 enim
1145 3120 1234 3141 nunc
1261 3112 1367 3141 refert
1386 3111 1457 3150 quis
1480 3111 1646 3141 erraverit
1662 3119 1763 3149 quam
1784 3107 1933 3149 quomodo
1953 3111 1987 3138 et
2005 3118 2060 3138 cur

246 3165 289 3192 sit
314 3166 475 3192 erratum.
598 3162 620 3192 d
643 3164 701 3193 Ex.
727 3173 775 3201 gr.
796 3175 816 3192 n
833 3165 895 3193 297
917 3164 1041 3193 tradita
1062 3167 1157 3193 sunt:
1179 3166 1222 3193 ὡσ
1242 3164 1278 3193 ἂν
1299 3166 1511 3193 ἐπιθύοαντεσ
1531 3166 1699 3197 ἑλοίμεθα·
1727 3163 1800 3192 mim
1824 3162 1856 3191 δέ
1876 3162 1900 3190 κ’
1924 3163 2037 3191 ἔπειτα.
