2234 3443
944 178 1202 207 PRAEFATIO.
1929 172 1982 210 27

276 293 327 331 In
373 301 456 340 quo
505 301 642 340 coquo
683 292 873 331 dictione
915 292 1148 331 Homerica
1178 292 1455 340 ineptissime
1489 293 1626 332 abuso
1661 294 1808 333 Strato
1840 297 1985 334 studia

160 359 376 408 quaedam
417 359 486 398 sui
527 358 692 398 saeculi
723 359 883 398 festive
913 359 1125 398 traduxit.
1158 359 1350 398 Lexicon
1383 361 1532 399 autem
1559 360 1667 399 illud
1700 362 1985 402 Homericum

160 437 186 466 a
216 427 389 466 Phileta
419 425 505 465 Coo
537 426 863 475 concinnatum,
897 436 919 465 e
951 437 1036 474 quo
1068 436 1229 465 novam
1262 427 1526 475 sapientiam
1560 428 1784 467 addiscere
1810 440 1858 468 se
1875 430 1987 469 velle

158 495 383 543 professus
424 496 492 533 est
531 494 667 533 miser
698 494 844 543 homo,
877 495 949 542 qui
982 504 1171 543 coquum
1202 494 1329 533 illum
1362 495 1476 533 male
1508 505 1667 534 sanum
1702 497 1984 547 conduxerat,

158 562 403 611 explicatas
443 561 678 611 praebebat
713 572 843 602 voces
875 563 1022 611 epicas
1054 563 1241 601 rariores
1272 563 1343 602 vel
1375 562 1664 612 obscuriores,
1698 564 1851 612 quales
1884 567 1990 604 sunt

157 627 343 679 μέροπεσ,
381 629 637 679 δαιτυμόνεσ,
662 638 682 657 a
713 628 953 680 ἐρυσίχθων,
984 632 1104 679 μΐίλα,
1134 629 1364 680 οὐλοχύται,
1394 630 1541 681 πκγόσ,
1571 632 1810 681 μιστύλλειν,
1840 636 1989 683 μοῖραι,

158 695 341 746 δίπτυχα,
375 693 526 747 ὀβελόσ.

278 764 533 804 Cuiusmodi
565 766 714 804 autern
744 774 914 804 errores
939 765 1210 804 eruditorum
1236 775 1406 813 quoque
1433 767 1626 805 virorum
1660 766 1986 807 lucubrationes

158 833 420 872 Homericae
467 831 714 882 habuerint,
762 833 849 871 nisi
881 833 992 871 satis
1024 843 1241 882 superque
1273 833 1450 872 aliunde
1483 836 1804 888 essetlnotum‚
1835 835 1989 874 docere

158 902 308 949 posset
345 900 447 940 salis
488 900 555 939 vis
588 901 684 939 voci
719 901 866 948 epieae
899 906 1031 951 πκγῶι
1062 911 1088 939 a
1120 901 1279 940 cerrito
1311 901 1385 940 illo
1419 912 1554 950 coquo
1587 913 1609 941 e
1642 902 1839 942 Philetae
1871 903 1986 942 vide-

155 967 259 1007 licet
288 968 552 1007 auctoritate
583 968 764 1008 tributa.
797 968 880 1007 Hic
911 969 1043 1016 igitur
1072 969 1279 1007 dictionis
1307 970 1456 1017 epicae
1483 970 1699 1019 interpres
1721 976 1829 1019 κῦμα
1854 971 1986 1022 πκγόν

158 1036 254 1076 sive
280 1035 457 1085 fluctum
487 1036 677 1085 densum,
708 1037 903 1084 solidum,
936 1033 1175 1085 inqentemb
1206 1037 1428 1076 intellexit
1454 1037 1632 1086 fluctum
1662 1039 1837 1078 salsum.

275 1104 397 1143 Alios
421 1109 499 1141 τῶν
520 1104 846 1154 γλωσσογράφων
870 1114 1039 1143 errores
1062 1104 1227 1143 multos
1245 1106 1454 1144 notarunt
1470 1106 1755 1145 Aristarchus
1771 1107 1987 1155 huiusque

156 1171 404 1220 discipuli.0
447 1171 535 1220 Ipsi
566 1174 715 1210 autem
746 1171 943 1211 Philetae
975 1181 1062 1210 non
1095 1172 1288 1211 multum
1317 1173 1521 1211 videntur
1553 1173 1771 1221 profuisse
1799 1174 1987 1223 vigiliae,

157 1250 233 1289 per
288 1249 396 1287 quas
442 1239 712 1278 carminibus
759 1240 952 1278 vetustis
1010 1239 1231 1288 impalluit
1277 1242 1320 1279 et
1366 1237 1581 1279 inaruit.d
1625 1241 1720 1280 Non
1768 1241 1852 1279 nisi
1901 1242 1987 1281 duo

156 1308 551 1356 interpretamenta
576 1308 839 1346 nominatim
869 1308 908 1346 ei
935 1307 1190 1346 tribuuntur
1207 1308 1250 1346 in
1268 1308 1449 1347 scholiis
1468 1308 1640 1347 Iliadis:
1668 1310 1986 1358 perabsurdum

158 1377 228 1415 est
258 1377 506 1423 utrumque.
548 1375 659 1414 Nam
702 1386 724 1415 e
757 1377 911 1424 poetae
944 1376 1012 1414 his
1044 1375 1214 1414 verbis:
1247 1373 1404 1426 ἀχρεῖον
1442 1375 1542 1414 ἰδὼν
1579 1375 1831 1425 ἀπομόρξατο
1860 1377 1987 1426 δάκρυ

159 1442 372 1482 efficiebat
402 1444 647 1491 genitivum
674 1444 891 1491 quendam
920 1444 1093 1482 numeri
1119 1443 1303 1491 pluralis
1329 1443 1441 1492 ἰδῶν,
1461 1454 1546 1492 quo
1563 1445 1700 1484 oculos
1716 1444 1988 1492 significatos

159 1519 257 1549 esse
288 1509 562 1558 autumabat,
595 1520 681 1549 non
707 1509 853 1549 ferens
880 1510 1089 1548 nimirum
1119 1510 1303 1549 verbum
1337 1509 1438 1548 ἰδεῖν
1471 1521 1522 1549 eo
1555 1521 1702 1560 sensu,
1731 1522 1815 1560 quo
1847 1515 1987 1561 poste-

158 1577 296 1616 riores
322 1577 528 1617 dixerunt
553 1576 713 1628 βλέψαι,
737 1579 780 1616 in
808 1577 997 1616 dictione
1025 1578 1148 1625 epica
1165 1580 1478 1626 usurpatume;
1507 1578 1550 1616 in
1568 1579 1649 1617 hoc
1667 1581 1814 1618 autem
1835 1590 1988 1618 versu:

455 1643 669 1694 θρῶισκων
701 1657 760 1683 τισ
791 1644 890 1683 κατὰ
921 1651 1029 1693 κῦμα
1061 1644 1255 1695 μέλαιναν
1289 1641 1391 1695 φρῖχ’
1424 1644 1616 1692 &waldger
1647 1650 1653 1688 1
1680 1645 1838 1696 ἰχθύσ]

158 1712 420 1752 vocabulum
452 1712 575 1761 φρίκα
606 1713 978 1762 interpretabatur
1003 1713 1158 1761 frique,
1188 1715 1344 1761 poetae
1375 1712 1518 1751 verbis
1544 1723 1726 1753 sensum
1754 1715 1990 1754 obtrudens

157 1790 290 1829 supra
321 1790 452 1828 quam
485 1780 569 1819 dici
598 1783 746 1829 potest
776 1781 989 1829 ineptum.

276 1847 453 1886 Tertius
498 1848 697 1888 Philetae
745 1859 865 1887 error
911 1848 1190 1896 cognoscitur
1237 1859 1259 1887 e
1306 1848 1518 1887 carminis
1570 1871 1608 1877 -
1654 1858 1756 1887 nam
1790 1852 1918 1898 poeta
1948 1851 1990 1888 et

158 1917 253 1964 ipse
298 1915 450 1954 haberi
497 1916 685 1965 volebat,
734 1918 778 1955 et
826 1916 970 1955 clarus
1018 1916 1252 1964 aliquando
1300 1919 1367 1955 est
1415 1916 1593 1954 habitus
1628 1938 1678 1944 ——
1714 1928 1736 1956 e
1783 1918 1993 1956 carminis

161 1983 371 2037 Παιγνίων
402 1984 486 2023 hoc
517 1994 672 2023 versu:

515 2049 563 2090 οὔ
596 2050 643 2101 με’
674 2063 735 2089 τισ
766 2050 805 2098 ἐξ
839 2048 962 2102 ὀρέων
992 2050 1232 2100 «immusicos
1262 2049 1488 2103 ἀγροιώτησ

515 2119 716 2169 αἰρήσει,9

159 2197 269 2235 quae
311 2187 444 2226 verba
487 2188 643 2227 docent
677 2198 778 2227 eum
826 2188 1095 2226 adiectivum
1137 2189 1360 2226 vetustum
1404 2185 1642 2236 ἀποφώλιον
1682 2188 1776 2227 sive
1815 2199 1989 2237 vanum,

159 2251 368 2293 irritumh
398 2255 737 2304 interpretatum
773 2266 870 2294 esse
903 2253 1092 2295 rudemi.

277 2322 388 2361 Vere
433 2325 739 2371 portentosum
783 2325 932 2362 autern
976 2323 1172 2362 Philetae
1210 2333 1402 2362 errorem
1435 2323 1578 2371 prodit
1610 2323 1781 2362 Fistula
1813 2333 1989 2362 carmen

158 2388 390 2438 lusorium,
427 2390 630 2429 abstrusa
664 2391 864 2430 doctrina
896 2391 1119 2439 oppletum
1149 2392 1192 2429 et
1220 2389 1262 2428 ἐκ
1288 2393 1468 2441 γλωττῶν
1488 2387 1717 2440 Ὁμηρικῶν
1744 2392 1989 2430 maximam

161 2458 333 2505 partem
381 2459 692 2498 concinnatum
740 2459 792 2498 ab
845 2460 940 2498 eius
985 2458 1199 2508 discipulo
1241 2455 1514 2498 Theocritoj.
1562 2459 1610 2497 In
1664 2469 1747 2507 quo
1795 2459 1991 2497 carmine

163 2525 425 2564 vocabulum
468 2526 588 2575 στήτη
630 2537 680 2565 eo
720 2537 804 2575 quo
843 2526 947 2577 γυνή
987 2536 1121 2565 sensu
1164 2528 1231 2564 est
1275 2528 1552 2574 usurpatum,
1586 2536 1806 2573 nusquam
1841 2528 1988 2564 autem

250 2659 269 2678 a
291 2649 342 2678 De
365 2649 430 2678 hae
454 2656 539 2677 voce
563 2649 796 2677 controversia
820 2648 885 2678 fuit
910 2648 927 2677 δ
953 2649 1027 2677 621.
1163 2646 1179 2676 b
1203 2660 1215 2677 ε
1240 2647 1304 2677 338
1330 2650 1363 2677 et
1389 2648 1431 2677 ad
1455 2652 1475 2678 Ι
1500 2649 1575 2678 124.
1709 2657 1726 2677 c
1748 2648 1858 2678 Lehrs
1872 2645 1991 2677 Αιήεὲ.2

162 2701 202 2731 36
239 2709 314 2738 sqq.
447 2700 471 2730 d
503 2701 621 2731 Soleas
657 2710 735 2731 eum
771 2700 914 2739 plumbo
950 2709 1124 2738 gravasse,
1160 2711 1202 2730 ne
1238 2701 1357 2731 flabris
1388 2704 1568 2731 ventorum
1601 2701 1828 2739 abriperetur,
1851 2710 1992 2731 scurrae

160 2755 325 2792 aequales
359 2754 589 2792 perhibebant
622 2755 698 2784 ioco
733 2763 845 2792 neque
881 2754 1066 2784 admodum
1104 2755 1216 2784 faceto
1248 2764 1362 2792 neque
1397 2755 1650 2790 novo‚eim11ia
1682 2753 1774 2784 enim
1799 2754 1840 2784 de
1866 2754 1992 2784 Cinesia

160 2810 263 2845 poeta
294 2807 469 2845 phthieieo
494 2807 629 2837 dixerat
653 2808 901 2845 Aristophanes
925 2807 1009 2837 Rau.
1035 2808 1121 2837 1437
1147 2807 1190 2837 al.
1327 2817 1343 2837 e
1368 2811 1396 2837 Β
1424 2809 1499 2837 269.
1525 2806 1614 2843 Quid
1638 2808 1744 2844 igitur
1770 2809 1804 2836 A
1831 2808 1894 2837 148
1916 2808 1991 2836 loco

161 2860 267 2889 simili
301 2858 440 2900 (ὑπόδρα
473 2858 585 2901 fidam)
618 2861 854 2899 designaverit
883 2869 995 2897 neque
1020 2861 1150 2890 scimus
1174 2869 1289 2897 neque
1314 2861 1401 2890 scire
1427 2859 1599 2898 cupimus.
1727 2860 1758 2900 f
1778 2863 1812 2888 Φ
1839 2861 1911 2889 126.
1937 2861 1991 2890 Sic

161 2912 312 2950 legebat,
349 2922 416 2942 non
452 2913 581 2948 ὑπαΐξει,
617 2922 706 2951 quae
741 2914 854 2951 potior
892 2915 946 2942 est
986 2913 1146 2943 codicum
1183 2914 1300 2943 lectio.
1450 2924 1472 2953 y
1509 2913 1601 2943 Stob.
1640 2913 1756 2942 Floril.
1791 2913 1928 2943 LXXXI
1961 2914 1992 2941 4.

296 2964 316 2994 lc
336 2978 348 2994 ε
371 2967 432 2995 182
454 2970 479 2996 θ
503 2967 564 2996 177
585 2970 599 2995 λ
615 2968 678 2996 249
699 2966 804 3000 5212.
943 2965 1168 3001 ι’ἆπαίδευτον,
1189 2967 1242 2996 Et.
1263 2967 1306 2996 M.
1321 2975 1347 2995 s.
1362 2975 1393 2996 v.
1519 2965 1542 3004 j
1561 2966 1642 3004 Ipsa
1654 2965 1800 3005 fistulae
1818 2966 1928 3003 figura
1949 2966 1991 2994 ad

160 3017 276 3048 studia
299 3019 481 3049 Homerica
504 3020 666 3057 pertinet.
679 3020 750 3049 Hac
763 3019 854 3048 enim
875 3019 917 3048 ad
938 3019 1058 3048 oculos
1079 3019 1335 3049 demonstratur
1355 3019 1526 3056 quomodo
1547 3028 1564 3048 e
1579 3028 1680 3048 versu
1693 3020 1792 3057 epico
1804 3021 1992 3048 nascantur

161 3070 228 3100 alia
259 3073 368 3100 metra
399 3071 525 3101 demtis
555 3072 702 3109 singul-s
736 3071 888 3109 syllabis.
914 3071 1012 3106 Quod
1039 3072 1205 3101 metricae
1230 3072 1313 3101 artis
1337 3072 1546 3110 principium
1572 3080 1590 3100 a
1614 3071 1734 3101 multis
1756 3072 1995 3109 grammatiois

164 3125 217 3153 est
239 3123 410 3154 habitum.
