2234 3443
231 183 286 221 36
1013 185 1271 213 PRAEFATIO.

232 306 351 346 esset
383 302 802 342 innocentissimum
845 302 889 339 et
921 300 1162 348 sapientiae
1194 299 1485 347 gravissimae
1517 299 1712 348 plenum,
1746 300 1787 338 id
1821 299 2058 338 efficientes

232 376 281 412 ut
323 383 348 412 e
389 369 534 418 lepido
575 369 798 418 poematio
841 367 997 406 fierent
1036 366 1208 406 insulsa
1239 367 1291 405 de
1324 365 1454 405 rebus
1487 366 1760 406 naturalibus
1792 369 2055 405 commenta.

232 440 302 479 Sic
334 437 634 477 Hebraeorum
669 435 900 475 Canticum
933 433 1213 474 Canticorum
1244 434 1358 481 quod
1391 433 1550 472 dicitur
1581 443 1666 472 non
1704 444 1880 473 carmen
1914 435 2056 482 pasto-

230 507 387 546 ricium
423 526 474 533 —-
508 504 637 551 idque
669 502 1013 542 suavissimum!
1049 523 1105 529 —-
1137 501 1212 540 sed
1246 501 1503 540 vaticinium
1537 502 1779 549 mysticum
1821 501 2055 549 aliquando

231 574 384 613 multis
418 573 484 611 est
514 571 675 610 visum.

350 640 532 679 Saeculo
574 641 676 678 ante
718 637 816 677 Chr.
860 637 938 676 V10
978 637 1089 675 hanc
1131 636 1312 676 Homeri
1351 636 1668 685 interpretandi
1711 636 1925 675 rationem
1958 635 2056 674 iniit

234 709 461 757 Theayenes
501 706 781 754 Rheginusa3
824 707 977 753 postea
1014 704 1197 743 eandem
1231 704 1349 742 viam
1381 705 1617 743 tenuerunt
1648 703 1933 752 Anaxagoras
1963 702 2054 742 Cla-

229 776 456 816 zomenius
498 773 642 812 clarus
681 772 969 821 philosophus
1008 773 1051 810 et
1093 771 1224 810 huius
1266 770 1509 819 discipulus
1551 770 1811 810 Metrodorus
1850 771 2058 819 Lampsa-

231 840 407 890 cenusb,
451 840 715 890 praesertim
759 842 907 878 autem
950 839 993 878 in
1036 839 1206 878 deliciis
1238 838 1488 878 habuerunt
1522 837 1805 887 Chrysippusc
1840 838 2059 884 ceterique

231 909 479 959 philosophi
521 907 666 956 Stoici,
713 907 912 946 omnium
955 907 1154 945 maxime
1199 905 1338 945 Grates
1379 906 1572 954 Mallota,
1611 905 1787 954 saepius
1818 905 1914 944 ideo
1947 904 2057 943 vitu-

229 979 408 1027 peratus
435 975 487 1015 ab
516 975 772 1013 Aristarcho
800 974 983 1023 aequali,
1012 974 1085 1022 qui
1112 974 1165 1012 ab
1191 973 1409 1013 eiusmodi
1436 973 1614 1022 ineptiis
1640 973 1724 1011 fuit
1739 972 2056 1011 alienissimus

230 1044 384 1094 Qualia
400 1046 550 1082 autem
566 1042 676 1081 illud
694 1042 891 1081 studium
909 1042 1128 1091 pepererit
1146 1042 1399 1080 commenta
1415 1040 1572 1079 docent
1595 1040 1796 1079 Heracliti
1813 1040 2054 1087 cuiusdam,

232 1113 305 1161 qui
344 1112 384 1150 I0
413 1113 513 1160 post
544 1109 768 1149 Christum
802 1109 977 1148 saeculo
997 1109 1163 1147 vixisse
1195 1108 1403 1157 sumitur,
1437 1107 1546 1146 liber
1578 1108 1626 1147 de
1656 1107 1876 1156 Alleyoriis
1907 1105 2056 1145 Home·

229 1181 329 1219 Ticis
371 1182 414 1218 et
456 1178 683 1227 Porphyrii
723 1177 983 1226 opusculum
1025 1174 1114 1225 περὶ
1146 1181 1216 1214 τοῦ
1249 1173 1291 1213 ἐν
1315 1171 1546 1213 Ὀδυσσείαι
1577 1180 1654 1212 τῶν
1685 1176 1878 1224 Νυμφῶν
1909 1172 2057 1223 ἄντρου

228 1247 312 1286 1110
343 1248 443 1295 post
470 1244 568 1284 Chr.
597 1244 773 1283 saeculo
803 1243 1115 1292 compositum.
1143 1242 1405 1290 Antiquiora
1425 1243 1639 1290 quaedam
1659 1242 1864 1290 exempla
1881 1240 2059 1290 praebet

230 1315 434 1353 Socrates
461 1312 696 1362 perhibens
722 1309 794 1360 τὴν
821 1310 980 1360 Κίρκην
1004 1304 1056 1348 ὗσ
1082 1312 1215 1348 ποιεῖν
1234 1339 1241 1347 .
1262 1340 1268 1346 .
1286 1339 1293 1347 .
1314 1309 1615 1359 δειπνίζουσαν,
1640 1308 1709 1348 τὸν
1737 1306 1779 1347 δὲ
1799 1304 2012 1347 Ὀδυσσέα.
2029 1339 2056 1345 ..

230 1380 397 1432 ἐγκρατῆ
440 1377 535 1418 ὄντα
553 1409 560 1416 .
579 1409 587 1416 .
606 1408 613 1416 .
632 1376 699 1416 διὰ
725 1383 848 1416 ταῦτα
877 1375 972 1416 οὐδὲ
998 1375 1189 1428 γενέσθαι
1213 1371 1265 1415 ὗν
1277 1376 1312 1426 d,
1337 1378 1402 1416 et:
1431 1375 1503 1426 τὴν
1530 1382 1682 1427 χρυσῆν
1708 1379 1845 1426 σεῖραν
1865 1376 2057 1415 Homero

229 1446 349 1488 οὐδὲν
376 1446 469 1486 ἄλλο
498 1445 522 1497 ἢ
550 1445 619 1485 τὸν
635 1445 751 1496 ἥλιον
769 1444 1094 1494 significassee;
1124 1448 1170 1484 at
1186 1455 1261 1494 per
1278 1445 1424 1484 iocum
1442 1446 1549 1484 haec
1566 1445 1698 1494 dicta,
1714 1444 1792 1483 illa
1808 1454 1911 1483 vero
1929 1443 2058 1482 serio.

347 1516 398 1555 In
439 1514 620 1553 Hesiodi
662 1513 934 1554 carminibus
976 1513 1319 1561 interpretandis
1361 1503 1533 1551 veteres
1569 1512 1734 1551 similia
1766 1514 1869 1550 sunt
1899 1510 2057 1559 moliti,

231 1585 356 1623 cuius
383 1583 516 1621 studii
544 1581 685 1620 multa
710 1581 977 1620 documenta
1001 1582 1243 1629 supersunt
1269 1580 1312 1618 in
1341 1580 1482 1619 Procli
1510 1580 1810 1629 Neoplatonici
1836 1580 1888 1618 ad
1907 1579 2056 1618 Hesio-

232 1652 337 1690 dum
375 1649 567 1689 scholiis.
609 1649 768 1687 Postea
809 1649 872 1687 ita
914 1648 1066 1696 nugati
1106 1650 1211 1686 sunt
1250 1648 1471 1687 Iohannes
1512 1648 1672 1687 Tzetza
1708 1649 1752 1686 et
1783 1647 2055 1694 Eustathius,

233 1722 273 1758 et
303 1728 356 1757 ne
385 1718 533 1756 nostro
561 1716 737 1764 quidem
765 1726 876 1754 aevo
902 1716 1008 1754 haec
1040 1715 1186 1754 studia
1211 1725 1391 1764 prorsus
1420 1715 1749 1762 deferbuerunt;
1777 1724 1881 1754 nam
1908 1714 2059 1763 paucis

231 1785 389 1825 abhinc
431 1784 558 1823 annis
600 1783 683 1822 fuit
718 1784 791 1831 qui
834 1783 1034 1821 Achillem
1075 1783 1439 1831 interpretaretur
1470 1781 1538 1820 τὸν
1570 1781 1723 1833 ἀχειλέα
1753 1783 1848 1822 sive
1880 1791 2054 1821 amnem

231 1853 512 1892 exundantem
556 1853 600 1889 et
641 1851 779 1890 veluti
820 1851 941 1890 labiis
981 1853 1201 1899 carentem,
1246 1850 1462 1889 Hectorem
1505 1850 1689 1889 fluvium
1722 1850 1840 1889 intra
1870 1850 1988 1898 ripas
2019 1860 2059 1889 se

232 1921 518 1966 continentem,
553 1918 780 1957 Priamum
811 1919 1005 1957 rivulum
1039 1919 1310 1957 Simoentem
1345 1929 1421 1967 per
1453 1920 1667 1957 aestatem
1696 1918 1909 1957 torridam
1935 1917 2059 1956 tarde

231 1989 537 2038 prorepentem
579 1984 646 2024 καὶ
685 1985 853 2035 πρίουτα
894 1985 962 2024 τὸν
1006 1985 1152 2035 ἅμμον,
1187 2008 1237 2013 -
1272 1986 1315 2024 in
1360 1996 1496 2033 aquas
1528 1988 1572 2024 et
1602 1986 1746 2024 lutum
1777 1985 1961 2024 Iliadem
1994 1985 2058 2024 sic

231 2056 408 2095 solvens
421 2051 451 2095 f.
487 2054 568 2092 His
601 2054 831 2101 mysteriis
862 2053 1124 2101 praeludens
1156 2053 1260 2092 olim
1294 2054 1488 2092 comicus
1521 2053 1699 2101 quidam
1733 2052 1872 2102 Πηλέα
1897 2062 2057 2091 nomen

229 2119 433 2170 κεραμέωσ
475 2131 574 2159 esse
616 2121 761 2159 iocose
803 2121 958 2159 dixitff.
1003 2120 1260 2159 Cuiusmodi
1302 2122 1654 2160 commentorum
1703 2120 1911 2168 primaria
1953 2120 2060 2159 haec

231 2190 314 2229 fuit
346 2198 491 2237 causa,
525 2188 637 2236 quod
670 2188 712 2226 in
747 2188 944 2236 Odyssea
976 2188 1081 2226 echo
1114 2188 1327 2235 quaedam
1362 2188 1618 2236 mythorum
1651 2187 2058 2226 vetustissimorum

231 2257 285 2296 ad
318 2266 389 2295 res
421 2255 648 2294 naturales
674 2255 971 2304 spectantium
999 2255 1251 2304 percipitur.
1277 2255 1375 2303 Ipse
1401 2257 1551 2294 tamen
1582 2257 1711 2303 poeta
1737 2255 1886 2304 epicus
1913 2255 2058 2303 primi-

230 2325 373 2363 tivum
407 2324 586 2362 illorum
619 2323 876 2370 mythorum
910 2332 1091 2361 sensum
1125 2325 1203 2361 aut
1234 2323 1378 2361 sciens
1409 2323 1606 2371 neglexit
1632 2324 1708 2361 aut
1738 2343 1789 2350 -—
1815 2323 1927 2370 quod
1955 2333 2056 2361 vero

230 2391 423 2431 similius
457 2412 509 2417 —
545 2400 630 2429 non
664 2386 888 2438 agnovitlt.

350 2457 715 2504 Philosophorum
764 2459 914 2495 autem
961 2459 1108 2495 sectae
1157 2457 1359 2495 certatim
1406 2457 1620 2495 dederunt
1666 2467 1843 2506 operam
1886 2459 1934 2495 ut
1974 2457 2056 2495 sibi

230 2525 506 2563 vindicarent
533 2523 774 2562 Homerum
803 2523 945 2572 illum,
974 2524 1099 2562 cuius
1124 2524 1319 2562 carmina
1346 2534 1401 2562 ex
1428 2524 1657 2563 hominum
1686 2525 1903 2563 memoria
1929 2525 2058 2563 evelli

231 2602 317 2631 non
365 2601 493 2640 posse
536 2591 699 2639 optime
741 2590 1072 2639 intellegebant.
1116 2591 1401 2630 Heracliteum
1443 2591 1646 2630 Socrates
1688 2591 1941 2630 Platonicus
1982 2602 2058 2640 per

229 2660 375 2698 iocum
408 2658 520 2696 dixit
551 2660 727 2706 propter
759 2657 910 2696 Iliadis
944 2668 1123 2696 versum
1157 2658 1389 2707 quendam,
1425 2658 1497 2697 ubi
1529 2658 1715 2698 Oceanus
1741 2661 1922 2698 vocatur
1946 2662 2056 2697 θεῶν

229 2724 422 2776 γένεσισὶ.
455 2724 750 2773 Peripateticus
781 2724 832 2762 ab
865 2724 963 2763 aliis
995 2727 1063 2763 est
1094 2725 1273 2763 habitus
1305 2726 1480 2773 propter
1512 2726 1591 2764 hos
1625 2735 1802 2765 versus:

321 2881 340 2899 a
363 2871 476 2901 Schol.
503 2876 530 2900 Υ
553 2872 605 2901 67.
743 2871 758 2901 Ι)
783 2872 880 2908 Diog.
907 2871 1021 2901 Laert.
1046 2872 1080 2901 11
1108 2873 1159 2901 11.
1184 2872 1251 2902 Sed
1275 2872 1317 2902 de
1342 2873 1545 2910 Anaxagora
1568 2870 1605 2902 id
1630 2872 1719 2902 falso
1742 2870 1956 2910 perhibitum
1980 2880 2055 2902 esee

232 2926 349 2953 censet
373 2924 483 2953 Zeller
510 2922 595 2953 Phil.
620 2924 652 2953 d.
674 2924 731 2954 Gr.
753 2922 784 2953 14
806 2925 881 2954 913.
1057 2934 1072 2954 c
1096 2922 1166 2954 Cic.
1193 2925 1236 2954 de
1260 2925 1336 2955 Nat.
1358 2925 1462 2955 Deor.
1486 2925 1503 2955 Ι
1526 2925 1545 2964 ξ
1573 2926 1625 2954 41.
1798 2923 1822 2953 d
1842 2925 1926 2954 Xen.
1951 2925 2052 2954 Mem.

234 2976 250 3005 1
277 2977 294 3005 3
317 2977 335 3013 ἕ
362 2977 391 3005 7.
538 2986 554 3006 e
579 2977 667 3007 Plat.
693 2977 834 3006 Theaet.
862 2978 924 3007 153
940 2986 967 3015 c,
997 2979 1023 3007 Θ
1049 2979 1090 3007 69
1115 2978 1196 3007 Eur.
1224 2978 1279 3008 Or.
1303 2978 1380 3007 982.
1523 2977 1546 3015 f
1563 2977 1831 3007 Forchhammer
1859 2977 2054 3016 Erklarung

233 3028 293 3057 der
317 3027 399 3057 Ilias
425 3029 522 3058 1884.
660 3040 681 3068 57
708 3029 892 3059 Philetaer.
917 3030 957 3058 fr.
983 3031 1014 3059 4.
1156 3029 1176 3059 Ιι
1200 3031 1281 3068 Pag.
1307 3032 1337 3060 9.
1474 3029 1486 3060 i
1509 3032 1546 3062 Ξ
1567 3032 1642 3067 201,
1670 3029 1757 3060 Plat.
1783 3030 1924 3060 Theaet.
1951 3031 2013 3060 152
2027 3040 2053 3060 e.

232 3081 451 3118 Quapropter
482 3079 670 3118 aliquando
705 3090 831 3119 operae
862 3080 1013 3120 pretium
1043 3081 1156 3112 visum
1188 3085 1240 3112 est
1268 3082 1311 3112 ad
1337 3087 1363 3112 Σ
1386 3083 1448 3112 107
1472 3082 1688 3117 observasse,
1713 3091 1779 3112 non
1803 3091 1922 3112 verum
1947 3083 2054 3112 Hera-

232 3134 373 3163 cliteum
400 3133 507 3163 fuisse
530 3134 731 3169 Homerum,
755 3135 853 3164 illum
879 3136 970 3165 enim
995 3143 1134 3165 versum
1160 3135 1202 3165 ab
1226 3134 1393 3165 Heracliti
1418 3134 1575 3165 doctrina
1599 3135 1794 3165 abhorrere.
