2234 3443
229 181 313 219 412
796 191 850 218 nn
883 190 1141 219 narrentis
1172 191 1449 219 EMPHA'rrors.
1882 183 1920 228 [ἓ
1953 182 2038 220 328

346 304 439 341 Non
473 313 568 341 esse
600 302 947 342 confundendam
983 313 1081 341 cum
1116 303 1365 351 copulativa
1397 303 1610 351 particula
1641 317 1678 341 τε
1711 312 1834 351 -quea
1866 305 1940 342 vix
1973 307 2040 343 est

227 371 339 419 quod
381 371 450 409 hic
491 370 672 408 dicatur.
712 370 823 409 Nam
857 370 951 408 sive
987 370 1281 418 homonymae
1312 367 1528 420 fueruntb,
1561 371 1655 410 sive
1686 381 1773 409 una
1804 371 2040 419 eademque

227 438 439 486 particula
473 437 556 476 fuit
585 437 803 486 primitus,
837 438 878 476 vi
911 440 1027 476 certe
1064 438 1162 476 inde
1193 437 1246 476 ab
1279 448 1385 477 aevo
1417 438 1650 477 Homerico
1681 440 1772 476 tam
1804 439 2042 476 dissimiles

227 504 404 543 fuerunt
434 506 483 542 ut
512 514 588 552 pro
619 504 787 542 duabus
817 504 996 543 vocibus
1028 505 1252 553 habendae
1283 506 1372 543 sint
1403 506 1664 544 necessario,

345 569 388 613 3.
420 582 502 623 περ
543 581 656 619 sane,
694 572 884 620 profecto,
928 572 1109 619 quidem.
1152 572 1492 621 Praepositionis
1523 573 1615 619 περί
1643 573 1783 611 forma
1814 573 1921 611 haec
1952 573 2040 611 bre-

228 638 321 676 vior
362 639 403 676 et
444 638 672 677 encliticac
713 639 901 687 augebat
941 640 1031 678 vim
1076 649 1231 678 vocum
1271 639 1428 687 quibus
1474 639 1830 688 subiungebatur,
1873 640 1925 678 ad
1963 640 2042 678 has

227 705 507 753 potissimum
549 706 747 744 animum
790 707 1016 745 advertere
1058 707 1287 745 audientes
1327 707 1496 745 iubens.
1533 707 1662 745 Vocis
1693 707 1989 745 modulatione
2021 716 2046 744 a

225 773 379 819 poetae
425 772 556 810 verba
602 775 773 812 vertere
820 774 1079 812 conantibus
1126 775 1244 813 reddi
1291 774 1450 812 melius
1496 777 1640 822 potest
1687 774 1793 813 loeis
1843 774 2042 822 plurimis

226 848 356 886 quam
391 841 509 877 certa
540 839 685 887 aliqua
714 840 890 888 linguae
922 851 1007 879 non
1040 840 1230 880 Graecae
1260 842 1489 890 particula.

345 906 556 946 Incensiva
587 909 736 946 autem
760 908 879 946 not-io
908 908 1114 955 quoniam
1138 909 1182 946 in
1209 909 1515 948 adversativam
1537 908 1664 948 facile
1697 908 1841 947 abibat
1853 905 1886 956 d,
1916 917 2044 956 saepe

226 974 268 1012 id
309 974 421 1021 quod
453 974 657 1023 Quamvis,
690 976 761 1014 etsi
790 974 1079 1023 significavit;
1114 985 1221 1023 quae
1256 977 1322 1014 vis
1359 976 1417 1015 ibi
1449 977 1708 1025 praesertim
1741 978 1810 1015 est
1845 975 2044 1024 insignis,

228 1041 302 1079 ubi
333 1042 578 1089 praemissa
609 1044 676 1081 est
706 1042 921 1091 particula
952 1042 998 1090 εἰ,
1029 1052 1097 1081 ex.
1131 1054 1217 1091 gr.:

583 1106 628 1149 εἴ
654 1121 737 1162 περ
769 1109 841 1161 γάρ
873 1106 902 1147 κ’
939 1108 1171 1159 §flammante

227 1186 330 1214 nam
362 1176 525 1215 etiamsi
553 1177 655 1226 velit,
689 1187 768 1216 nec
799 1188 884 1216 non
917 1177 989 1216 ubi
1020 1178 1260 1227 participiis
1293 1180 1360 1217 est
1392 1178 1551 1227 addita,
1586 1188 1653 1218 ex.
1687 1189 1772 1227 gr.:

583 1242 751 1294 ἀνάσχεο
785 1242 1026 1297 κηδομένη
1057 1243 1186 1297 περί

222 1310 363 1358 perfer
392 1310 563 1349 sollicita
592 1321 694 1350 sane
710 1312 918 1360 :perfer
948 1313 1141 1360 quamvis
1163 1313 1334 1351 sollicita
1361 1313 1478 1352 sive:
1505 1314 1646 1362 perfer
1670 1313 1756 1351 licet
1781 1312 1951 1351 sollicita
1976 1312 2046 1351 sis.

347 1376 603 1416 Recentiore
634 1388 742 1417 aevo
774 1379 1013 1427 particulae
1044 1393 1116 1427 περ
1149 1379 1255 1418 haec
1287 1380 1355 1418 vis
1387 1381 1632 1429 permansit
1663 1390 1760 1419 curn
1799 1380 2047 1428 praemitte-

229 1444 356 1483 batur
396 1444 622 1493 participio
664 1446 959 1485 coniunctioni
997 1446 1066 1484 καί
1104 1448 1285 1485 sociata.
1322 1448 1371 1485 In
1405 1448 1526 1496 epica
1558 1458 1660 1486 vero
1691 1447 1878 1486 dictione
1908 1446 1977 1483 καί
2003 1448 2047 1484 et

228 1525 300 1559 περ
335 1521 557 1559 nunquam
593 1523 640 1552 se
673 1513 1000 1563 contingebant,
1025 1513 1128 1553 licet
1153 1515 1420 1553 coniunctim
1448 1516 1683 1563 usurpatae
1708 1514 1869 1553 suerint
1893 1523 2046 1562 saepe;

231 1589 298 1617 ex.
336 1589 421 1625 gn:
463 1577 530 1616 καὶ
574 1580 679 1628 μάλα
718 1594 790 1631 περ
831 1583 969 1629 θυμῶι
1009 1580 1279 1631 κεχολωμένον
1296 1589 1328 1619 9.
1376 1581 1529 1630 Qualia
1570 1584 1722 1630 postea
1757 1582 1820 1620 sic
1858 1581 2048 1619 ordinari

228 1646 348 1684 fuere
379 1645 529 1686 Solita:
563 1646 704 1696 καίπερ
722 1676 728 1684 .
747 1677 755 1684 .
773 1677 780 1684 .
799 1646 1066 1698 κεχολωμένον
1082 1645 1111 1685 71.

348 1710 391 1754 4.
424 1711 517 1766 θην
564 1715 757 1764 profecto,
805 1716 964 1764 opinor.
1021 1715 1303 1755 Illudentium
1362 1715 1445 1754 suit
1500 1716 1704 1755 enclitica
1760 1716 1867 1754 haec
1918 1715 2046 1763 parti-

230 1777 372 1828 eulai;
404 1790 472 1819 ex.
505 1790 591 1828 gr.:

586 1847 633 1886 οὐ
666 1847 737 1898 μέν
767 1847 861 1903 θην
889 1845 1075 1899 ’κάμετόν
1105 1864 1147 1901 γε

230 1915 407 1964 defessae
438 1916 605 1963 quidem
637 1917 826 1955 nondum
858 1918 961 1966 estis,
996 1914 1183 1966 opinorj.

584 1977 608 2033 ἦ
641 1982 732 2037 θ’ήν
768 1981 800 2020 ιε’
835 1982 986 2030 ἐξανύω
1018 1999 1060 2035 γε
1091 1983 1157 2022 καὶ
1190 1984 1355 2034 ὕστερον
1387 1983 1654 2035 ἀντιβολήσασ

222 2051 402 2099 profecto
435 2052 649 2099 conficiam
681 2056 714 2090 tc
746 2052 927 2101 posthac,
962 2053 1122 2101 opinor,
1156 2062 1252 2090 cum
1283 2053 1329 2091 in
1363 2063 1477 2091 meas
1508 2062 1664 2090 manus
1693 2051 1888 2089 inci-deris
1901 2047 1932 2089 k.

346 2119 506 2157 Eadem
540 2119 670 2157 huius
686 2120 927 2167 particulae
955 2123 1085 2168 atque
1111 2120 1410 2168 praecedentis
1437 2120 1519 2158 fuit
1544 2130 1654 2158 sors.
1672 2119 1782 2157 Nam
1800 2118 1843 2156 in
1860 2119 2048 2157 dictione

230 2186 353 2234 epica
393 2191 578 2234 utraque
610 2187 724 2224 vixit
753 2186 902 2236 libera,
937 2187 1036 2225 dein
1069 2188 1131 2225 ita
1162 2187 1390 2226 contabuit
1421 2190 1469 2225 ut
1499 2187 1591 2225 suis
1623 2186 1789 2224 viribus
1816 2188 1935 2232 stare
1965 2195 2050 2224 non

231 2253 319 2291 iam
366 2256 516 2301 posset
561 2255 605 2292 et
651 2255 784 2292 certis
829 2257 1000 2293 tantum
1052 2254 1279 2303 particulis
1322 2255 1659 2302 nominibusque
1699 2253 1880 2292 suffulta
1911 2254 2048 2291 vitam

228 2323 514 2359 sustentaret..
548 2321 616 2359 Sic
649 2322 820 2360 marina
851 2322 1066 2369 quaedam
1099 2321 1364 2361 animalcula
1389 2322 1531 2370 prima
1556 2322 1784 2360 iuventute
1809 2331 1884 2370 per
1911 2321 2050 2359 undas

231 2388 628 2436 circumvagantur,
673 2389 868 2428 adultam
902 2400 1004 2428 vero
1038 2392 1229 2428 aetatem
1259 2390 1439 2438 rupibus
1472 2389 1755 2427 adhaerentia
1785 2389 2050 2434 transigunt.

230 2455 475 2494 Particulae
505 2458 655 2495 autem
688 2459 771 2506 θην
807 2468 906 2496 cum
935 2457 1158 2496 mobilitas
1188 2458 1381 2496 decrevit
1411 2459 1505 2496 tum
1538 2457 1730 2505 corporis
1757 2455 1976 2503 volumen,
2003 2455 2047 2492 in

319 2629 338 2648 a
361 2618 379 2657 ἓ
404 2617 494 2649 325¹.
629 2619 645 2649 b
671 2620 797 2656 Quidni
819 2620 905 2650 duas
927 2620 1117 2659 particulas
1142 2632 1172 2650 τε
1196 2621 1422 2658 homonymas
1446 2620 1609 2649 habuerit
1631 2627 1670 2648 ea
1694 2618 1812 2657 lingua
1825 2628 1914 2656 quae
1926 2618 2050 2649 habuit

233 2670 319 2700 duas
341 2672 389 2701 di:
409 2674 514 2702 autem
538 2675 571 2702 et
594 2681 711 2707 versus,
731 2675 765 2702 et
785 2673 871 2702 duas
891 2677 965 2703 ³221:
987 2672 1024 2702 ab
1044 2676 1078 2703 et
1099 2674 1225 2713 nempe?
1372 2682 1389 2703 c
1413 2674 1482 2710 Pag
1515 2673 1586 2711 729
1607 2674 1641 2701 et
1659 2672 1723 2701 384
1735 2682 1765 2701 a.
1911 2671 1934 2701 d
1955 2672 2049 2701 Inest

233 2724 323 2753 enim
353 2724 551 2764 comparatio
580 2725 762 2763 quaedam.
795 2726 849 2755 Sic
881 2726 1005 2755 suffixa
1036 2723 1103 2755 -ῗων
1130 2729 1164 2756 et
1187 2737 1291 2766 -τεροσ
1317 2726 1413 2765 prius
1437 2724 1630 2763 emphasin,
1655 2724 1734 2754 dein
1758 2725 2050 2763 comparationem

233 2777 485 2815 significarunt,
508 2786 584 2816 pag.
612 2777 720 2818 195f,
746 2779 807 2808 198
821 2787 916 2817 a—q.
1205 2788 1222 2809 e
1245 2780 1278 2808 A
1303 2779 1379 2808 580.
1404 2778 1473 2808 Nos
1495 2786 1580 2806 neem
1603 2787 1666 2806 aan
1683 2799 1690 2806 .
1705 2799 1712 2807 .
1730 2776 1793 2812 ,al,
1817 2775 1926 2806 indien
1941 2799 1948 2807 .
1963 2800 1970 2807 .
1985 2776 2048 2807 .al.

360 2827 389 2868 s
407 2831 441 2859 Λ
466 2830 541 2859 586.
694 2839 716 2869 9
741 2831 774 2859 A
796 2831 871 2860 217.
1019 2829 1038 2859 k
1063 2831 1130 2860 Pro
1157 2833 1208 2860 καί
1232 2841 1288 2871 περ
1314 2831 1411 2860 πολλὰ
1434 2831 1584 2859 παθόντα
1609 2841 1625 2867 η
1649 2830 1715 2858 224
1737 2830 1804 2859 len
1827 2830 1921 2866 ἄλγεα
1945 2840 1978 2861 π.
1998 2837 2046 2865 π;

234 2882 313 2911 Hes.
345 2882 473 2920 Theog.
504 2883 567 2912 533
592 2882 697 2912 verba
729 2886 781 2912 καί
806 2893 864 2923 περ
887 2884 1049 2921 χωόμενοσ
1070 2883 1196 2921 ’παύθη
1219 2885 1315 2922 χόλου
1339 2884 1388 2912 Sic
1413 2885 1493 2912 sunt
1515 2881 1706 2919 iungenda:
1732 2883 1782 2912 καὶ
1805 2885 1904 2920 χόλου
1923 2884 2048 2920 ἐπαύθη

234 2936 396 2972 χωόμενόσ
417 2945 485 2975 περ.
732 2935 744 2964 i
767 2934 936 2974 Exceptio
974 2936 1069 2965 nulla
1093 2938 1163 2972 eet3
1192 2936 1284 2974 quod
1309 2944 1375 2965 non
1400 2937 1494 2965 recte
1518 2935 1658 2971 negavit
1681 2935 1807 2964 Giselie
1830 2934 1865 2964 in
1889 2935 2047 2972 Ebelingi

233 2987 260 3016 L
283 2988 357 3017 xico
384 2988 576 3017 Homerico.
813 2987 835 3027 j
862 2990 888 3018 Θ
914 2989 990 3017 448.
1014 2988 1220 3018 Eustathius
1243 2987 1422 3018 annotavit
1448 2986 1666 3017 Heraclidem
1693 2989 1900 3017 mentionem
1924 2987 2048 3016 recisae

234 3039 440 3069 difficilioria
469 3040 649 3070 cniusdam
681 3040 840 3070 lectionis
864 3041 985 3077 μέντον,
1009 3044 1043 3070 et
1068 3041 1174 3070 fuisse
1203 3040 1263 3079 qni
1283 3039 1507 3079 perhiberent
1531 3037 1667 3076 Argivis
1691 3039 1919 3077 Cretibusque
1943 3040 2046 3077 parti-

235 3093 347 3122 culam
378 3104 429 3122 τον
459 3093 494 3123 id
527 3093 619 3131 quod
650 3105 695 3124 τοι
718 3096 943 3134 significasse.
969 3097 1061 3132 Quas
1084 3105 1194 3134 nugis
1218 3097 1429 3134 pepererunt
1450 3096 1540 3125 male
1563 3094 1742 3126 intellecta
1763 3095 1869 3125 verba
1892 3097 2044 3124 veterum

234 3146 534 3181 :traminaticorum
560 3147 787 3178 dubitantium
812 3152 949 3179 essetne
972 3151 1105 3185 κάμινον
1120 3148 1343 3179 scribendum
1367 3157 1408 3178 an
1433 3149 1575 3186 καμέτην.
1709 3147 1729 3177 lc
1751 3150 1780 3177 A
1805 3148 1879 3177 365.
