2234 3443
218 176 300 214 160
507 183 561 211 DE
593 183 810 212 FLExroNE
843 183 1047 211 NOMINUM
1079 183 1428 213 OBSERVATIONES
1460 184 1726 214 GENERALES.
1801 177 1838 223 [ἓ
1870 178 1940 226 52,
1973 178 2027 216 53

333 298 522 336 Numero
565 298 682 336 duali
726 300 878 346 poetae
920 297 1028 344 epici
1071 296 1329 344 saepissime
1366 300 1470 336 sunt
1501 299 1582 337 usi.
1616 299 1773 338 Postea
1805 300 1946 339 dualis
1977 311 2030 340 ex

215 376 288 404 ore
323 365 584 404 Graecorum
629 365 795 404 sensim
829 364 1040 403 evanuita
1072 366 1115 402 et
1146 363 1322 402 tandem
1356 364 1399 402 in
1432 365 1581 403 Attica
1612 376 1780 414 quoque
1811 369 2033 406 extinctus

216 436 297 481 est,
347 432 519 471 saeculo
567 431 645 470 IV0
668 429 695 470 b.
748 432 796 469 In
846 431 980 479 epicis
1028 430 1296 469 carminibus
1337 431 1554 471 eiusmodi
1592 433 1757 472 formas
1797 435 2033 473 ornamenti

217 509 350 538 causa
392 510 416 537 a
456 500 596 548 poetis
637 499 872 546 usurpatas
913 497 1049 536 fuisse
1089 497 1261 536 credere
1298 499 1402 537 tunc
1444 503 1679 548 coeperunt
1711 501 1924 550 homines,
1959 502 2032 550 qui

219 566 277 604 ibi
309 566 528 604 adhibitas
561 565 767 604 videbant
799 565 872 603 ubi
904 565 986 613 ipsi
1018 574 1201 603 numero
1238 565 1394 613 plurali
1425 568 1547 605 usuri
1579 570 1717 607 erant.
1750 569 1871 607 Artis
1902 570 2035 617 igitur

216 632 489 671 libertatisve
517 633 663 681 epicae
690 633 909 670 duxerunt
932 633 976 670 in
1003 632 1232 670 nominum
1260 633 1578 682 verborumque
1603 635 1791 674 flexione
1815 651 1864 674 -ω
1893 637 2034 676 dicere

215 710 290 748 pro
319 714 376 737 -οι
403 700 471 739 vel
497 711 605 751 -ουσ,
628 714 664 738 -ε
691 709 766 748 pro
793 711 853 737 -εσ
882 699 947 738 vel
975 710 1059 748 -ασ,
1089 713 1177 736 -τον
1205 709 1280 748 pro
1312 712 1436 750 -ουσι,
1467 701 1553 739 alia
1584 712 1693 749 quae
1725 705 1828 742 sunt
1857 704 2031 743 similia.

220 767 371 814 Itaque
414 766 565 806 Crates
606 769 649 806 et
679 767 991 806 Eratosthenes
1022 769 1230 815 putarunt
1266 766 1336 815 „vde
1369 767 1531 808 ὁυ<τκὰ
1562 768 1628 807 καὶ
1659 768 1705 807 τὰ
1736 771 2033 820 πληθυντ>ικὰ

217 836 452 883 συγχεῖσθαι
504 830 592 881 παρ’
635 830 884 883 ῗΟμήρωιΡθ.
933 834 1094 873 Eadem
1141 834 1361 873 ZenOdOtO
1407 845 1533 875 mens
1578 836 1674 885 fuit,
1723 838 1794 885 qui
1839 836 2032 876 θεοὶ....

211 900 315 938 ἰόντε
327 898 361 949 d,
392 900 506 950 ὑμεῖσ
524 931 531 938 .
551 932 557 938 .
577 931 584 938 .
603 899 834 939 ἀποτίνετον
849 908 876 951 θ,
907 900 997 949 μὰψ
1029 900 1215 951 οἴχεσθον
1248 900 1412 953 ἅγοντεσ
1426 900 1456 951 f,
1486 903 1681 942 similia9
1709 904 1853 953 edidit,
1887 907 2036 954 turpes

220 968 417 1006 maculas
463 968 728 1016 adspergens
776 969 1045 1007 carminibus
1085 969 1273 1008 vetustis
1320 972 1395 1008 aut
1442 970 1494 1008 ab
1536 970 1633 1009 aliis
1675 972 1908 1020 adspersas
1948 982 2035 1011 non

217 1035 462 1083 detergens.
511 1034 767 1075 Cuiusmodi
812 1036 922 1074 vitia
966 1036 1080 1075 haud
1128 1036 1379 1076 dubitanter
1426 1038 1669 1086 corrigebat
1708 1036 2035 1089 Aristarchush,

215 1102 380 1150 optimo
425 1103 518 1141 iure
561 1113 729 1150 negans
770 1106 923 1151 poetas
956 1104 1100 1152 epicos
1133 1103 1251 1142 duali
1282 1114 1466 1143 numero
1500 1106 1587 1144 vim
1621 1106 1803 1154 pluralis
1834 1107 2040 1146 tribuisse

217 1179 409 1216 unquam
424 1167 447 1208 τ’.
496 1169 531 1207 Ii
579 1172 725 1209 autem
770 1180 936 1218 versus,
986 1170 1099 1209 unde
1147 1172 1415 1210 contrarium
1463 1172 1571 1211 effici
1617 1173 1718 1212 olim
1769 1176 1835 1212 est
1875 1174 2035 1223 visum,

220 1237 382 1285 partim
424 1236 551 1276 aliter
593 1239 698 1276 sunt
727 1236 1089 1286 interpretandij,
1132 1238 1291 1286 partim
1334 1240 1619 1287 corrigendik,
1663 1242 1823 1289 partim
1867 1241 2037 1280 delendi

213 1307 262 1342 ut
293 1304 429 1352 spurii
442 1301 466 1343 l.

343 1371 490 1410 Multis
517 1373 559 1410 in
589 1372 800 1421 versibus,
829 1372 900 1411 ubi
927 1374 1079 1411 textus
1105 1373 1292 1411 traditus
1318 1373 1449 1412 habet
1469 1374 1653 1423 pluralis
1670 1377 1841 1415 numeri
1858 1376 2036 1426 formas,

223 1440 356 1486 poeta
382 1448 488 1476 usus
517 1442 583 1477 est
609 1449 791 1478 numero
818 1440 991 1478 dualim.
1019 1440 1167 1479 Multis
1183 1442 1332 1479 autem
1349 1441 1457 1479 locis
1475 1441 1561 1479 alia
1579 1443 1849 1491 exemplaria
1866 1444 2037 1483 dualem

213 1505 434 1554 praebent,
468 1506 553 1544 alia
583 1506 796 1555 pluralem
811 1515 844 1546 ⁷1.

335 1572 672 1621 Nonnumquam
704 1584 887 1613 numero
905 1575 1022 1613 duali
1040 1575 1121 1614 duo
1132 1575 1322 1624 pluralia
1337 1576 1601 1614 coniunctim
1622 1579 1724 1615 sunt
1740 1576 2036 1625 significata0;

216 1639 280 1677 sic
324 1639 475 1678 ambos
513 1641 732 1680 exercitus
771 1643 970 1690 spectant
1011 1637 1116 1691 ἦμεν
1150 1646 1192 1681 et
1223 1640 1511 1692 μαρναμένοιιν
1525 1650 1556 1691 q,
1592 1646 1635 1682 et
1667 1654 1802 1682 voces
1831 1644 2036 1693 ποδοῖινν,

218 1709 356 1756 χεῖρεδ,
402 1705 493 1745 ὄσσε
508 1708 531 1757 t,
566 1708 801 1758 βλεφάροιιν
816 1717 846 1757 ²⁴,
882 1706 1080 1758 ὀφθαλμώ
1095 1717 1124 1758 ¹⁷,
1156 1704 1381 1761 ράξαντεω,
1420 1709 1614 1749 ἴπποιινϊ
1655 1713 1895 1759 usurpatae
1933 1713 2037 1750 Sunt

222 1774 294 1812 ubi
341 1775 530 1823 plurium
578 1776 721 1825 pedes,
768 1786 943 1825 manus,
986 1777 1110 1826 oculi,
1154 1777 1277 1826 bigae
1318 1778 1792 1827 commemorabantur,
1835 1779 2034 1826 quemad-

214 1841 395 1880 modum
436 1843 668 1891 sinqularis
699 1843 993 1892 usurpabatur
1025 1866 1082 1871 —
1114 1847 1158 1884 et
1189 1845 1389 1893 usurpari
1420 1847 1665 1885 necessario
1697 1847 1845 1885 debuit-
1878 1869 1929 1874 —
1965 1846 2038 1885 ubi

217 1908 269 1947 de
302 1909 492 1958 plurium
524 1911 632 1959 pede
664 1911 800 1950 altero
832 1921 1023 1951 manuve
1055 1911 1193 1951 altera
1223 1911 1355 1951 fiebat
1385 1922 1544 1952 sermo.

337 2040 364 2092 ἓ
397 2042 469 2086 53.
513 2045 743 2084 Adiectiva
784 2048 1018 2096 composita,
1063 2057 1247 2095 quorum
1289 2047 1585 2086 masculinum
1628 2048 1854 2087 desinebat
1885 2049 1928 2087 in
1959 2061 2038 2104 -οσ,

221 2110 265 2148 in
312 2110 460 2150 Attica
506 2112 694 2152 dictione
740 2116 895 2163 postea
941 2115 1124 2154 duarum
1169 2115 1531 2154 terminationum
1580 2125 1676 2154 esse
1723 2116 1944 2163 solebant;
1992 2117 2035 2155 in

225 2178 345 2225 epica
376 2179 670 2227 compluribus
702 2181 955 2220 huiusmodi
985 2181 1216 2220 adiectivis
1246 2181 1330 2219 fuit
1360 2182 1533 2230 propria
1564 2181 1763 2220 feminini
1789 2183 1942 2231 forma,
1969 2193 2037 2222 eX.

217 2255 279 2292 gr.
314 2244 485 2295 ἀὸμιίτκ,
515 2244 712 2286 ἀθανάτη.

305 2404 324 2423 α
359 2395 558 2425 Ceterarum
583 2397 760 2427 reeionum
782 2394 1028 2434 inscriptiones
1048 2394 1256 2425 vetustiores
1275 2395 1360 2425 haec
1378 2394 1523 2424 habent:
1546 2394 1699 2425 Corinth.
1721 2396 1806 2426 3153
1828 2400 1938 2430 numni,
1960 2397 2039 2434 Arg.

227 2447 314 2476 3282
340 2442 468 2488 ἶλάρχω,
494 2449 579 2478 3339
605 2450 730 2486 ἀμφοῖν,
756 2450 842 2478 3274
874 2455 920 2478 τοὶ
938 2451 1075 2487 fascium
1099 2446 1257 2488 (ιζ-σιν),
1281 2449 1367 2478 3325
1393 2449 1494 2487 ὀφίων
1519 2450 1553 2477 et
1575 2452 1740 2487 θυρωτοῖν,
1766 2449 1851 2478 3326
1877 2450 2040 2483 ἂνεθέτᾶν,

219 2497 278 2529 CO.
316 2501 401 2529 3638
439 2496 481 2530 oft
513 2502 611 2535 τελέω,
643 2502 769 2531 Lacon.
803 2502 889 2531 4496
922 2501 1119 2535 ἐδειπιείτᾶν,
1154 2500 1377 2531 4588—4592
1409 2499 1564 2539 anax(12)m
1594 2501 1648 2530 Vel
1673 2512 1749 2535 -κοε,
1779 2501 1925 2531 Messen-
1951 2502 2036 2531 4649

218 2555 432 2592 ἱεριτεὺσαντι.
565 2552 581 2582 b
608 2553 648 2582 In
675 2552 962 2592 inscriptionibus
985 2560 1062 2591 post
1086 2562 1212 2584 annum
1238 2554 1302 2583 320
1327 2553 1476 2583 exaratis
1493 2561 1560 2583 non
1580 2552 1716 2590 legitur.
1850 2563 1866 2584 c
1888 2554 2037 2584 Ariston.

220 2604 262 2633 ad
287 2606 318 2633 52
343 2606 418 2635 282.
552 2609 574 2634 a
596 2607 630 2635 A
656 2605 731 2635 567.
865 2615 880 2635 e
906 2609 936 2635 Γ
956 2607 1031 2636 459.
1166 2605 1189 2643 f
1208 2609 1238 2635 Ν
1264 2606 1339 2635 627.
1480 2615 1501 2645 9
1527 2609 1555 2634 Z
1583 2606 1644 2635 112
1673 2608 1699 2636 Θ
1725 2606 1788 2635 503
1814 2610 1836 2636 Σ
1861 2607 1924 2636 287
1949 2619 1968 2635 α
1993 2607 2034 2636 38

222 2661 246 2686 θ
274 2658 335 2687 251
363 2660 418 2687 Ar.
444 2656 527 2687 Rau.
554 2658 651 2688 1263.
819 2657 838 2687 Ιι
863 2658 1086 2688 Friedliinder
1109 2659 1257 2688 Ariston.
1285 2660 1335 2688 15.
1505 2658 1517 2687 i
1539 2656 1742 2688 Cuiusmodi
1765 2659 1848 2688 vitia
1871 2659 1980 2688 multa
2003 2658 2038 2688 in

218 2718 281 2739 sua
305 2710 458 2748 ipsorum
485 2712 639 2740 carmina
663 2710 877 2740 admiserunt
900 2713 1023 2749 poetae
1049 2711 1272 2740 Alexandrini
1295 2711 1481 2740 dictionem
1507 2712 1640 2749 epicam
1663 2716 1700 2740 ut
1721 2714 1882 2750 poterant
1904 2712 2038 2741 imit-ati.

344 2761 365 2801 j
389 2767 415 2791 A
449 2763 512 2792 407
549 2767 568 2793 Ι
586 2764 760 2793 182-198
796 2765 826 2792 T
848 2764 911 2793 205
941 2767 966 2793 θ
992 2763 1044 2800 35,
1070 2764 1112 2794 48
1144 2776 1165 2800 μ
1191 2764 1244 2793 52.
1272 2763 1311 2793 In
1337 2763 1478 2793 oraculo
1503 2763 1668 2793 Herodot.
1693 2763 1757 2793 VII
1782 2765 1856 2802 140,
1880 2765 1944 2793 ἴτον
1969 2772 2035 2794 non

220 2817 273 2844 est
297 2815 484 2852 sommum,
508 2815 568 2845 sed
592 2815 679 2846 duos
701 2816 884 2853 significat.
1025 2815 1045 2845 k
1069 2819 1100 2846 Γ
1121 2817 1184 2846 279
1209 2819 1236 2846 Ε
1257 2817 1321 2846 487
1351 2818 1377 2847 Θ
1401 2816 1464 2846 405
1491 2816 1528 2854 (1.
1553 2824 1582 2845 a.
1606 2818 1649 2846 Μ
1670 2816 1750 2853 412)
1776 2819 1811 2846 Π
1830 2816 1894 2846 370
1916 2816 1949 2845 h.
1973 2818 2034 2855 Ap.

221 2868 296 2901 456,
322 2869 397 2903 487,
422 2870 484 2898 501
509 2867 605 2908 (Hes.
629 2868 729 2906 Oper.
755 2867 863 2905 186?).
1046 2867 1059 2897 l
1083 2870 1109 2899 Θ
1135 2868 1175 2899 73
1201 2877 1265 2906 sq.,
1291 2870 1364 2898 185.
1534 2879 1561 2897 m
1587 2869 1648 2899 Ex.
1673 2877 1723 2906 gr.
1749 2870 1774 2897 E
1796 2869 1859 2898 239
1883 2876 1933 2906 sq.
1958 2869 1979 2898 l.
2006 2878 2033 2899 a.

224 2922 249 2949 Θ
274 2921 337 2950 378
373 2924 400 2950 A
427 2922 490 2951 598
526 2925 548 2950 ..⁷⁵
573 2923 635 2951 606
671 2922 689 2950 δ
716 2922 754 2951 19
787 2933 799 2950 ι
823 2921 886 2951 476
919 2931 938 2950 σ
963 2921 1027 2951 372
1052 2930 1103 2959 sq.
1134 2933 1150 2950 τ
1183 2922 1258 2959 230,
1294 2922 1428 2951 Ahrens
1460 2921 1583 2951 Philol.
1617 2921 1715 2956 1851,
1748 2921 1788 2950 17
1812 2928 1887 2958 sqq.
1918 2921 2034 2958 (=k1.

222 2972 317 3002 Schr.
343 2973 357 3002 1
385 2974 446 3003 127
467 2974 569 3011 sqq.).
740 2984 759 3002 n
783 2973 845 3003 Ex.
869 2982 920 3011 gr.
945 2984 963 3002 σ
988 2975 1041 3010 64,
1064 2974 1139 3008 371,
1165 2974 1240 3004 378.
1441 2983 1459 3003 0
1483 2974 1570 3003 Hine
1595 2971 1763 3010 originem
1786 2972 1909 3002 habuit
1930 2981 2035 3012 prava

220 3026 460 3063 interpretatio
484 3026 667 3056 verborum
693 3027 816 3056 comici
839 3026 927 3056 Nub.
954 3026 1016 3056 150
1042 3024 1120 3056 Pac.
1145 3026 1174 3056 7.
1348 3036 1373 3066 p
1397 3026 1457 3056 Ex.
1483 3035 1532 3063 gr.
1557 3028 1590 3055 H
1612 3026 1686 3055 292.
1866 3034 1884 3064 q
1910 3028 1937 3055 P
1959 3026 2035 3056 387.

221 3078 352 3108 Similis
377 3081 429 3108 est
453 3079 539 3108 ratio
566 3079 645 3109 Hes.
667 3077 752 3116 Clip.
777 3079 851 3116 171,
874 3078 949 3114 176,
971 3079 1046 3108 238.
1180 3089 1197 3108 r
1219 3089 1235 3107 τ
1257 3079 1334 3109 444.
1470 3088 1486 3108 s
1508 3081 1524 3107 λ
1546 3078 1608 3107 211
1633 3090 1656 3117 φ
1678 3078 1752 3107 223.
1889 3080 1900 3107 t
1925 3079 2035 3109 N340

222 3143 239 3160 υ
263 3131 338 3160 348.
475 3142 493 3160 u
521 3132 550 3160 K
575 3131 649 3160 187.
784 3141 800 3160 v
827 3134 845 3160 Ι
867 3131 942 3161 503.
1079 3140 1104 3160 w
1130 3134 1164 3160 Π
1187 3131 1262 3161 371.
1396 3140 1417 3159 .τ
1445 3133 1478 3160 Ψ
1498 3131 1572 3160 362.
