2234 3443
238 181 294 219 98
768 188 821 215 DE
855 187 1093 215 VOCALIBUS
1123 187 1174 215 ET
1206 187 1514 216 DIPHTHONGIS.
1924 178 1961 223 [ἓ
1995 178 2050 216 25

591 302 770 349 longae:
1600 299 1778 338 breves:

415 367 642 418 ἀρυύμενοσ
673 367 833 420 πατρόσ
865 375 942 405 rsa.
1460 365 1673 415 παρέθηκε
1705 367 1904 418 τράπεζαν
1918 365 1951 406 d.

415 433 469 475 τὰ
492 441 631 488 πρῶτα
645 428 671 472 b.
1460 430 1690 486 Ἀφροὸΐιτκ
1702 440 1728 470 θ.

416 501 687 555 πεπρωμένον
700 509 726 539 0.
1459 496 1741 550 τειχεσιπλῆτα
1756 499 1795 540 f.

356 570 439 610 Ubi
485 581 620 609 sonus
666 570 881 618 posterior
922 570 1014 606 erat
1054 583 1079 616 μ
1122 567 1191 606 vel
1235 583 1269 617 ν,
1313 568 1468 616 longas
1509 568 1640 606 dictio
1684 568 1805 616 epica
1841 570 1975 608 etiam
2006 570 2050 608 in

236 639 352 677 thesi
383 638 536 676 habuit
567 644 781 685 sempery.

356 705 459 743 Inde
500 704 551 743 ab
594 704 773 742 Homeri
803 703 937 751 igitur
968 712 1075 741 aevo
1109 724 1160 730 —-
1195 712 1333 750 neque
1365 702 1542 751 propius
1575 702 1628 740 ad
1659 703 1832 751 linguae
1864 702 2053 742 Graecae

237 772 500 811 incunabula
540 771 642 809 licet
683 771 885 809 accedere
920 792 972 797 -—
1005 771 1204 817 potestas
1237 779 1444 808 sonorum
1477 771 1535 817 κλ,
1565 783 1631 818 πρ,
1660 769 1873 809 similium
1906 770 1950 808 in
1981 780 2054 809 ore

238 839 499 878 Graecorum
542 837 753 876 infirmior
789 837 870 875 fuit
901 847 1032 884 quam
1066 838 1114 875 ut
1145 836 1324 875 brevem
1356 836 1553 875 vocalem
1586 837 1874 885 praemissam
1909 839 2055 885 posset

236 907 467 955 producere
482 902 514 944 ἢ.
554 906 602 943 In
644 904 765 953 epica
796 906 945 942 autem
977 905 1068 942 arte
1099 903 1350 941 huiusmodi
1381 903 1578 951 syllabae
1611 903 1805 942 medium
1838 904 2052 951 quoddam

237 984 375 1022 genus
407 971 650 1011 efficiebant
682 971 796 1009 inter
828 981 926 1009 vere
955 970 1124 1019 longas,
1160 971 1212 1008 ad
1245 969 1485 1017 quamlibet
1517 970 1610 1008 sive
1638 970 1755 1008 arsin
1784 971 1877 1009 sive
1906 971 2049 1009 thesin

238 1040 497 1089 explendam
532 1040 669 1087 aptas,
705 1040 749 1076 et
778 1037 973 1086 syllabas
1004 1037 1098 1075 sine
1132 1037 1430 1075 controversia
1460 1036 1628 1075 breves.

357 1108 480 1146 Hanc
521 1106 572 1145 ob
611 1115 789 1145 causam
821 1107 975 1154 poetae
1007 1105 1116 1153 epici
1147 1105 1190 1143 in
1223 1105 1312 1143 arsi
1343 1105 1623 1153 potissimum
1656 1114 1730 1143 eas
1763 1105 2051 1152 collocarunt;

237 1177 300 1214 sic
340 1175 458 1214 enim
500 1174 670 1219 syllaba
709 1173 890 1212 debilior
929 1171 1263 1211 sustentabatur
1303 1172 1471 1220 impetu
1504 1172 1713 1219 rhythmi.
1748 1172 1795 1210 In
1828 1172 1927 1211 thesi
1958 1182 2055 1211 raro

237 1244 476 1291 posuerunt
506 1242 601 1280 sine
632 1241 908 1288 necessitate,
942 1240 1171 1278 rarissime
1202 1239 1296 1277 sine
1328 1239 1592 1278 necessitate
1623 1236 1961 1288 corripuerunti.

356 1308 463 1357 Quid
505 1308 691 1347 velimus
733 1308 889 1346 docent
919 1307 1121 1354 exempla
1154 1317 1264 1354 quae
1295 1316 1427 1354 supra
1458 1309 1562 1345 sunt
1592 1306 1740 1345 allata.
1774 1307 2055 1356 participium

235 1373 496 1426 πεπρωμένοσ
544 1377 591 1414 ut
636 1376 775 1414 metro
823 1373 1039 1422 dactylico
1081 1376 1229 1422 posset
1271 1373 1478 1422 adaptari,
1526 1373 1698 1421 syllaba
1738 1388 1804 1411 πε-
1850 1375 1894 1412 in
1941 1375 2055 1413 thesi

238 1447 356 1484 esset
401 1452 580 1482 necesse
626 1443 738 1489 erat3
787 1441 966 1490 produci
1008 1442 1156 1480 autem
1200 1450 1298 1479 eam
1346 1440 1519 1479 sinebat
1564 1442 1782 1479 metrum:
1825 1451 1926 1489 ergo
1969 1451 2053 1479 non

238 1511 562 1560 corripiebatur.
596 1509 832 1548 Vetustum
865 1518 967 1547 vero
999 1508 1223 1556 epitheton
1249 1510 1518 1557 τειχεσιπλῆτα
1546 1508 1630 1546 nisi
1664 1510 1861 1557 correpta
1888 1508 2057 1556 syllaba

237 1579 381 1618 media
420 1579 463 1616 in
508 1586 635 1615 versu
675 1577 847 1615 heroico
884 1575 1086 1623 usurpari
1117 1585 1202 1614 non
1233 1576 1419 1623 poterat.
1452 1574 1554 1613 Voci
1588 1574 1755 1623 τράπεζα
1788 1576 1830 1613 in
1863 1575 2055 1614 carmine

239 1647 358 1695 epico
404 1655 489 1684 non
534 1646 626 1683 erat
672 1644 793 1682 locus
840 1643 926 1681 nisi
968 1644 1066 1690 post
1112 1641 1308 1690 syllabas
1353 1639 1550 1680 breves).
1594 1641 1684 1680 Dea
1727 1639 1938 1692 Ἀφροδΐτκ
1975 1652 2053 1681 suo

238 1714 414 1753 nomine
453 1711 674 1760 designari
715 1721 799 1750 non
841 1710 1059 1759 potuisset
1099 1710 1141 1748 in
1183 1709 1453 1748 carminibus
1489 1718 1596 1756 quae
1639 1710 1741 1747 sunt
1773 1709 1823 1748 de
1857 1710 1970 1750 bello
2002 1709 2054 1748 ab

237 1782 332 1830 ipsa
361 1780 586 1827 suscitato,
618 1779 655 1817 si
687 1776 878 1816 nominis
909 1776 1126 1824 syllabam
1160 1775 1373 1814 initialem
1406 1776 1583 1824 produci
1615 1785 1794 1814 necesse
1825 1776 1994 1815 fuisset.

357 1847 548 1896 Quatuor
588 1846 721 1893 igitur
760 1845 876 1883 inter
907 1854 984 1883 sex
1018 1843 1229 1882 vocabula
1260 1843 1438 1882 laudata
1470 1853 1554 1882 non
1588 1846 1739 1882 carent
1770 1844 2058 1893 correptionis

238 1925 371 1954 causa
423 1914 599 1959 idonea;
657 1913 840 1951 duorum
888 1922 990 1950 vero
1037 1911 1208 1959 syllaba
1253 1911 1468 1959 positione
1514 1910 1643 1949 debili
1691 1911 1899 1958 producta
1947 1912 2056 1950 citra

238 1982 550 2021 necessitatem
590 1980 737 2019 thesin
770 1980 959 2018 obtinet:
998 1979 1151 2028 πατρόσ
1182 1981 1225 2017 et
1255 1977 1302 2015 τὰ
1333 1983 1482 2027 πρῶτα.
1515 1978 1637 2017 Talia
1669 1979 1782 2026 apud
1812 1979 2053 2018 Homerum

236 2060 335 2088 rara
374 2045 531 2095 suntk;
565 2048 792 2086 rarissima
824 2049 974 2085 autem
992 2046 1075 2084 fuit
1106 2045 1303 2094 correptio
1335 2046 1483 2085 Attica
1509 2046 1582 2084 ubi
1611 2045 1740 2084 vitari
1770 2047 1955 2095 poterat,
1985 2055 2053 2084 ex,

236 2127 298 2164 gr.
340 2116 383 2154 in
418 2114 594 2154 vocibus
626 2111 815 2164 σχετλίκῖ,
851 2113 1058 2162 Πάτροκλε
1072 2120 1113 2162 m,
1143 2113 1336 2165 fsiwmoc·
1368 2111 1566 2162 πατρόση,
1600 2111 1900 2163 πρωτόπλοονθ,
1935 2111 2056 2164 φαρέ-

240 2237 303 2266 755
328 2245 416 2275 sqq.,
446 2235 606 2274 Spitzner
636 2235 678 2265 de
709 2243 811 2265 versu
841 2235 920 2264 Her.
956 2235 996 2264 88
1021 2242 1109 2271 sqq„
1132 2234 1181 2264 La
1203 2233 1319 2264 Roche
1344 2234 1443 2263 Hom.
1468 2233 1604 2263 Unters.
1631 2234 1646 2263 1
1673 2242 1760 2271 sqq„
1785 2233 1928 2263 vHartel
1956 2233 2055 2263 Hom.

239 2289 334 2319 Stud.
364 2289 391 2325 Ι,
425 2288 515 2319 Buth
545 2287 668 2318 Philol.
701 2288 754 2322 39,
788 2287 850 2316 551
876 2296 964 2325 sqq.‚
993 2287 1123 2317 Usener
1155 2286 1265 2324 Altgr.
1297 2286 1451 2316 Versbau
1482 2286 1522 2315 22
1548 2294 1624 2323 sqq.
1870 2296 1889 2315 a
1921 2290 1949 2315 Ζ
1979 2288 2054 2316 446.

373 2341 388 2369 b
414 2343 446 2371 A
472 2343 501 2371 6.
736 2349 752 2369 c
779 2342 807 2369 Γ
826 2340 902 2370 309.
1136 2337 1159 2368 d
1180 2351 1192 2368 ε
1218 2340 1271 2368 92.
1496 2347 1513 2367 e
1535 2336 1679 2368 Passim.
1905 2337 1936 2377 f
1955 2341 1980 2368 E
2002 2340 2054 2368 31.

366 2404 387 2433 q
420 2393 589 2423 Hesiodus
620 2391 723 2422 etiam
754 2394 832 2422 ante
856 2404 920 2421 ηιν-
945 2392 1112 2429 syllabam
1138 2392 1278 2421 brevem
1302 2391 1407 2420 habet
1431 2391 1532 2429 Oper.
1554 2391 1636 2420 567:
1658 2391 1898 2432 ἀκροκνέφαιοσ,
1922 2393 1957 2421 et
1976 2394 2055 2421 ante

239 2458 293 2476 πν-
317 2447 446 2483 Theog.
471 2447 553 2475 319:
578 2447 674 2475 ἔτικτε
698 2446 861 2475 πνέουσαν.
1033 2443 1053 2473 Ιι
1077 2443 1158 2482 Pag.
1184 2445 1237 2474 42.
1394 2443 1406 2473 i
1430 2443 1610 2481 Correptio
1636 2441 1857 2481 potissimum
1882 2444 1915 2473 in
1939 2444 2057 2473 tertiae

240 2503 274 2530 et
307 2498 438 2539 quintae
471 2496 622 2527 thesium
655 2494 823 2534 syllabam
841 2496 984 2536 priorem
1009 2500 1062 2527 est
1085 2497 1248 2533 admissa,
1273 2505 1324 2526 ex.
1352 2504 1418 2532 gn:
1445 2493 1488 2525 ὧσ
1513 2497 1539 2525 οἳ
1563 2497 1620 2532 μὲν
1645 2498 1769 2525 zomon}
1795 2496 1879 2535 πρὸσ
1903 2497 2055 2534 ἂλλήλουσ

238 2552 388 2592 ἀγόρευον
418 2552 469 2580 et:
503 2552 556 2579 καί
574 2561 626 2586 μιν
649 2553 796 2588 φωνήσασ
819 2550 920 2587 ‚pinea
946 2551 1114 2590 πτερόεντᾶ
1138 2549 1313 2590 προσηύδα,
1338 2548 1478 2578 vHartel
1505 2549 1603 2578 Hom.
1629 2548 1727 2578 Stud.
1749 2548 1765 2577 1
1789 2549 1865 2578 443.
1897 2548 1963 2578 Sed
1987 2557 2053 2578 non

238 2605 352 2634 omnia
388 2612 476 2640 quae
511 2605 591 2632 sunt
628 2602 795 2631 eiusmodi
830 2600 916 2640 ipsis
947 2602 1059 2640 poetis
1082 2602 1264 2640 debentur,
1287 2600 1412 2642 πρόσ(-)
1437 2603 1552 2631 autem
1576 2599 1611 2630 in
1640 2601 1776 2630 illorum
1801 2609 1859 2630 ore
1883 2599 2054 2630 eiusmodi

203 2665 206 2672 ’
239 2657 324 2687 locis
357 2655 460 2694 πότ(-)
495 2655 651 2685 sonuisse
686 2655 833 2691 videtur,
869 2656 886 2692 ξ
912 2652 1002 2684 315¹.
1172 2653 1194 2693 j
1216 2652 1391 2684 Venabula
1416 2654 1525 2683 multa
1546 2655 1593 2683 ita
1617 2656 1698 2683 sunt
1721 2653 1935 2683 conformata
1959 2656 1997 2683 ut
2020 2654 2054 2683 in
2114 2647 2116 2650 ’

237 2709 334 2748 poesi
368 2708 536 2745 dactylica
565 2709 710 2745 poscant
746 2708 995 2745 eorreptionem
1032 2706 1181 2737 Atticam
1217 2707 1370 2744 syllabae
1406 2707 1637 2745 praemissam
1674 2715 1725 2735 ex.
1761 2715 1828 2744 gr.:
1854 2708 2055 2746 προπάροιθε

238 2764 363 2800 θρόνων
396 2763 527 2790 §tizam
560 2761 714 2800 τραπέζασ
753 2772 770 2789 κ
809 2761 885 2795 354,
914 2761 1012 2800 αὐτὰρ
1043 2761 1148 2789 ἔπειτα
1179 2762 1319 2801 θρόνουσ
1343 2760 1549 2800 περικαλλέασ
1576 2760 1627 2796 ἠδὲ
1651 2758 1807 2798 wanirant
1830 2770 1852 2796 χ
1877 2759 1953 2791 438,
1978 2760 2054 2794 462,

239 2814 365 2852 quibus
387 2813 472 2843 locis
491 2829 528 2833 —
551 2821 662 2849 neque
687 2811 771 2841 aiibi
796 2820 941 2849 usquam
964 2828 1004 2833 —
1025 2813 1079 2842 bis
1102 2814 1190 2842 intra
1215 2813 1316 2842 unius
1341 2821 1462 2841 versus
1486 2810 1639 2849 spatium
1666 2809 1838 2849 correptio
1864 2811 1977 2840 Attica
2002 2814 2056 2841 est

239 2866 399 2895 admissa.
556 2864 576 2894 k
599 2864 821 2894 Necessitatis
846 2865 1009 2893 metricae
1034 2865 1167 2895 ratione
1191 2874 1257 2895 non
1283 2865 1401 2894 habita
1424 2880 1466 2885 —
1491 2864 1551 2894 sed
1577 2861 1741 2893 habuisse
1764 2864 1871 2892 satius
1897 2864 1985 2892 erat!
2012 2879 2051 2884 —

240 2918 290 2947 vir
324 2917 445 2946 doctus
480 2917 571 2946 Buth
606 2917 661 2946 1.1.
698 2915 815 2945 docuit
849 2916 942 2954 apud
974 2917 1162 2946 Homerum
1192 2917 1316 2946 breves
1340 2917 1478 2946 vocales
1501 2919 1581 2945 ante
1605 2917 1735 2945 mutam
1762 2924 1837 2944 eum
1862 2914 1995 2952 liquida
2020 2915 2054 2945 in

239 2968 307 2999 arsi
336 2978 411 2999 esee
441 2967 528 2999 locis
555 2969 641 2998 2673
672 2968 727 3006 (11.
754 2969 852 3003 1613,
884 2968 945 2998 Od.
973 2970 1084 3007 1060),
1111 2969 1144 2998 z'n
1170 2968 1252 2998 thesi
1268 2968 1445 3008 productas
1469 2976 1543 2998 esse
1566 2968 1653 2997 locis
1677 2967 1718 2996 90
1742 2963 1795 3001 (Il.
1823 2966 1875 3000 58,
1899 2964 1960 2995 Od.
1985 2966 2054 3003 82),

238 3031 401 3069 correptas
433 3030 518 3059 locis
548 3030 611 3059 556
643 3029 697 3066 (Il.
724 3029 800 3067 267,
830 3028 892 3059 Od.
920 3028 1011 3068 289),
1042 3030 1113 3059 sive
1142 3049 1161 3053 -
1184 3036 1190 3056 t
1212 3038 1234 3053 υ
1252 3030 1384 3059 τ--5;1.
1416 3030 1548 3058 Paucas
1579 3028 1685 3065 igitur
1714 3025 1864 3064 syllabas
1895 3026 1928 3054 iu
1962 3025 2052 3055 thesi

238 3083 409 3121 positione
432 3082 537 3112 debili
559 3081 746 3120 productas
769 3089 845 3110 esse
869 3083 1014 3119 apparet
1036 3079 1157 3121 (1l36).
1333 3081 1346 3110 l
1369 3084 1399 3110 1‘
1420 3083 1496 3118 41⁴1,
1520 3088 1597 3119 pag.
1622 3078 1699 3118 97j.
1870 3087 1897 3106 m
1927 3080 1956 3106 T
1976 3079 2052 3108 287.

374 3145 392 3164 n
417 3139 444 3164 Z
469 3135 544 3170 479,
567 3137 659 3163 recte
681 3134 702 3163 1.
728 3142 756 3162 a.
781 3136 886 3170 lenoc
910 3135 1040 3173 πατρόσ.
1198 3143 1215 3163 o
1240 3137 1263 3162 θ
1290 3135 1342 3163 35.
