2234 3443
211 164 237 208 ἓ
271 165 370 212 822,
405 164 509 210 328]
954 172 1009 202 DE
1039 171 1290 200 Anvssssssns.
1944 159 2028 198 391

210 287 283 326 ubi
314 290 465 335 poetae
497 288 565 326 usi
596 288 744 326 essent
775 285 930 324 formis
963 285 1295 333 antiquioribus,
1329 293 1430 323 curn
1462 293 1538 331 per
1569 293 1616 321 se
1649 282 1740 321 veri
1772 283 1840 320 est
1870 281 2029 331 simile,

207 356 306 393 tum
338 354 519 393 efficitur
550 365 573 394 e
605 354 800 393 numeris
832 353 989 392 horum
1022 362 1230 391 versuum
1264 354 1307 390 et
1338 350 1575 390 similium:

565 419 704 468 αὐτοῦ,
737 418 795 458 εἶσ
827 418 847 457 ὅ
879 433 921 457 κε
951 419 1083 471 μάστι)
1115 417 1214 468 μέγα
1248 417 1450 466 Πριάμοιο
1481 415 1684 469 μαλώηια.

563 486 688 534 ὑψοῦ,
719 486 775 525 ὥσ
807 497 849 525 σε
879 484 1068 536 φέρηισιν
1098 481 1155 523 ἐπ’
1191 483 1420 537 ἠερορειδέα
1451 483 1600 522 πόντον
1614 479 1642 519 ⁶.

326 555 410 594 Ubi
442 556 527 594 nisi
558 554 702 594 αὐτόθι
735 556 776 593 et
807 552 941 598 ὑψόθι
973 553 1266 601 proferuntur,
1299 562 1376 601 pes
1407 552 1576 600 primus
1607 549 1867 589 claudicatc.

327 621 419 661 Non
447 624 539 661 tam
567 622 816 662 necessaria
842 622 1051 669 numeris,
1080 620 1203 658 utilis
1228 622 1379 658 tamen
1406 620 1475 657 est
1497 617 1669 666 syllaba
1683 618 1751 654 -θι
1766 615 1812 654 in
1828 614 2032 654 versibus

206 689 492 736 sequentibus
523 690 853 737 similibusque:

562 752 658 805 μηδ’
693 754 749 794 ὡσ
782 755 1018 803 Πάτροκλον
1043 749 1177 791 ’λίπετ’
1213 751 1340 791 αὐτοῦ
1371 754 1582 790 τεθνηῶτα
1595 747 1626 787 d.

561 821 627 860 καὶ
657 821 699 860 τὸ
732 819 803 872 μὲν
836 820 962 860 αὐτοῦ
988 817 1116 869 ’μεῖνε
1128 827 1155 858 ⁶.

325 889 478 938 Itaque
524 890 686 929 nimiae
732 899 818 928 non
874 891 942 927 est
998 887 1206 926 audaciae
1256 887 1453 925 vetustas
1509 883 1817 923 adverbiorum
1863 881 2031 920 formas

205 965 411 995 revocare
443 957 689 1004 ubicunque
721 957 874 995 sinunt
904 952 1129 1002 numerif;
1156 954 1309 992 sinunt
1335 954 1484 991 autem
1510 951 1619 990 locis
1642 950 1771 998 longe
1796 948 2032 997 plerisque.

207 1022 467 1071 Exemplum
500 1034 637 1062 unum
670 1024 729 1062 sit
760 1023 982 1062 additum:

560 1089 619 1127 εἰσ
651 1089 792 1127 Πύλον
823 1087 1004 1138 οἴχεσθαι
1035 1086 1236 1136 Νηλήϊον,
1265 1083 1365 1123 ἀλλά
1395 1099 1476 1123 που
1507 1082 1633 1122 αὐτοῦ
1648 1092 1685 1132 9,

205 1155 279 1193 ubi
310 1155 490 1195 dubium
523 1166 608 1195 non
641 1157 814 1195 videtur
846 1156 948 1203 quin
980 1157 1108 1202 poeta
1144 1153 1371 1193 cecinerit:
1406 1150 1503 1190 ἀλλά
1534 1147 1678 1195 ποθ’(ι)
1710 1143 1822 1187 αὖθι.

324 1222 400 1261 111.
433 1222 581 1261 Tertia
608 1223 678 1262 hic
705 1221 1090 1262 commemoranda
1116 1223 1217 1259 sunt
1242 1230 1352 1268 quae
1378 1220 1423 1258 in
1448 1230 1511 1257 -σε
1536 1219 1745 1257 desinunt
1765 1211 2028 1255 adverbiah:

205 1287 316 1338 πόσε,
346 1286 536 1339 ὁππόσεί,
565 1292 684 1339 κεῖσε,
714 1287 834 1338 ὁμόσε
850 1286 885 1338 j,
915 1286 1055 1326 ἄλλοσε
1068 1285 1100 1337 lc,
1134 1286 1406 1337 ἀμφοτέρωσε,
1436 1284 1612 1336 ἑτέρωσε,
1636 1284 1824 1333 πάντοσε,
1849 1281 2032 1331 κυκλόσε,

205 1353 349 1404 ὑψόσε,
379 1355 529 1405 τηλόσε.

324 1423 545 1462 Adverbia
577 1424 619 1461 in
652 1423 730 1471 -δε,
759 1423 830 1472 -ζε,
859 1422 945 1461 -δισ
977 1421 1224 1461 desinentia
1255 1430 1388 1469 supra
1419 1421 1523 1459 sunt
1553 1420 1748 1458 tractata
1763 1414 1788 1456 l.

326 1489 398 1531 IV.
431 1485 496 1540 ἧχι
526 1490 613 1529 ubi.

691 1745 779 1785 IV.
810 1746 882 1785 De
910 1745 1176 1784 adverbiis
1205 1744 1551 1783 correlativis.

325 1864 354 1920 ἓ
384 1866 484 1909 323.
519 1867 792 1907 Correlativa
823 1867 1030 1906 adverbia
1060 1866 1302 1914 sequentia,
1337 1875 1362 1903 a
1392 1865 1528 1913 stirpe
1558 1863 1831 1913 pronominis
1857 1862 2034 1901 demon-

206 1935 382 1973 strativi
423 1934 510 1972 flam
552 1935 694 1984 ducta,
738 1935 880 1984 poetis
921 1934 1057 1983 epicis
1098 1935 1271 1981 praeter
1314 1942 1378 1984 ea,
1420 1941 1530 1980 quae
1561 1933 1605 1970 et
1636 1932 1790 1979 postea
1820 1929 2034 1977 usurpata

207 2004 323 2050 sunt,
359 2004 486 2041 erant
518 2004 718 2050 praesto:

330 2068 368 2110 1.
400 2070 549 2122 τῆμοσ
564 2078 582 2096 ⁷²
601 2097 610 2109 .
632 2099 643 2111 .
664 2097 675 2109 .
693 2060 819 2121 ἧμοσ
850 2071 941 2106 tum
961 2097 969 2107 .
990 2097 998 2106 .
1020 2077 1156 2115 ‚cum‚
1191 2077 1259 2105 ex.
1293 2076 1381 2114 gru:

563 2128 689 2188 ἧμοσ
721 2132 757 2174 δ’
794 2133 992 2186 ἠριγένεια
1018 2131 1148 2183 ’φάνη
1181 2132 1480 2185 ῥοδοδάκτυλοσ
1506 2128 1632 2181 Ἠώσ,

561 2205 710 2256 τῆμοσ
742 2200 799 2251 ἄρ’
835 2200 939 2251 ἀμφὶ
970 2203 1105 2250 πυρὴν
1136 2203 1283 2239 κλυτοῦ
1303 2197 1501 2249 ’Ἑκτοροσ
1533 2197 1674 2249 ι’ίγρετο
1706 2197 1804 2236 λαόσ
1817 2204 1848 2235 ⁰.

324 2271 570 2310 Indicativo
611 2271 835 2320 praeteriti
875 2269 1183 2317 iungebantur,
1224 2263 1330 2317 ἧμοσ
1371 2268 1508 2307 etiam
1539 2266 1777 2305 indicativo
1802 2263 2035 2313 praesentis

210 2338 279 2376 vel
309 2338 489 2387 perfecti,
523 2340 571 2376 ut
603 2337 720 2385 ὅτεΡ;
753 2347 823 2376 ex.
857 2347 944 2384 gr.:

565 2397 692 2457 ἧμοσ
725 2401 762 2442 θ’
798 2403 873 2442 οὐκ
903 2402 981 2453 ἄρα
1012 2417 1074 2440 πω
1108 2400 1205 2451 ἠώσ,
1236 2400 1290 2440 ἔτι
1322 2397 1356 2439 δ’
1394 2398 1606 2450 ἀμφιλύκη
1636 2399 1740 2446 νύξῖ

209 2481 291 2519 quo
322 2471 402 2509 diei
432 2474 612 2519 tempore
641 2472 833 2510 nondum
864 2480 1025 2509 aurora
1055 2470 1125 2509 aed
1155 2469 1280 2508 etiam
1311 2468 1546 2507 diluculum
1579 2470 1676 2511 (est).

565 2529 692 2590 ἧμοσ
725 2534 760 2574 θ’
797 2535 930 2575 ἠέλιοσ
962 2535 1084 2585 μέσον
1117 2535 1295 2584 οὐρανὸν
1326 2532 1612 2585 ἀμφιβέβηκεν

211 2614 292 2653 quo
322 2604 402 2643 diei
428 2607 609 2652 tempore
639 2605 699 2644 sol
729 2605 916 2643 medium
947 2603 1108 2642 caelum
1139 2603 1300 2641 obtinet.

300 2747 320 2765 a
345 2739 372 2766 Β
395 2737 472 2766 332.
607 2734 623 2763 b
647 2747 660 2764 ε
685 2734 760 2763 164.
905 2742 921 2762 c
944 2733 1027 2769 Pag.
1052 2733 1093 2762 82
1106 2732 1140 2762 h.
1275 2730 1298 2760 d
1322 2733 1352 2759 T
1371 2731 1447 2766 403,
1471 2729 1494 2759 l.
1518 2738 1548 2758 a.
1572 2729 1697 2758 αὐτόθι.
1721 2725 1850 2757 Similis
1874 2727 1927 2755 est
1948 2725 2036 2755 ratio

211 2797 375 2819 versuum
398 2792 426 2818 A
453 2789 530 2825 292,
553 2789 617 2817 364
641 2786 673 2815 Ω
698 2786 776 2822 673,
799 2793 877 2822 pag.
903 2785 943 2814 51
956 2783 987 2814 d.
1144 2793 1161 2813 e
1196 2786 1229 2812 N
1251 2784 1335 2818 564;
1363 2784 1479 2811 αὐτόθι
1498 2781 1598 2817 ’μεῖνε
1622 2781 1695 2809 sive
1719 2778 1831 2808 αὐτόθ’
1859 2779 1958 2814 ἔμεινε
1983 2781 2037 2806 est

210 2843 246 2871 in
271 2849 372 2871 versu
395 2849 470 2879 par.
497 2840 515 2869 δ
541 2840 617 2869 508.
640 2836 772 2868 Similis
797 2839 850 2866 est
873 2837 960 2866 ratio
982 2844 1105 2866 versus
1128 2836 1236 2872 v249,
1259 2843 1338 2873 pag.
1361 2834 1405 2863 45
1418 2843 1447 2869 0,
1469 2834 1508 2863 51
1523 2843 1550 2868 ν,
1570 2842 1597 2862 ³.
1719 2830 1743 2867 f
1761 2831 1816 2861 Sic
1829 2829 2036 2860 Brundi-eth.

340 2904 361 2933 9
386 2894 403 2923 ὁ
427 2894 503 2923 639.
650 2891 670 2920 k
692 2890 806 2920 Etiam
829 2890 1007 2927 complura
1031 2887 1195 2918 adverbia
1218 2886 1254 2917 in
1278 2898 1312 2916 -σ
1334 2887 1530 2916 desinentia
1559 2885 1625 2914 hoc
1650 2884 1775 2914 suffixo
1800 2884 1882 2913 sunt
1904 2883 2040 2917 ornata,

212 2955 293 2985 pag.
321 2946 385 2976 378
398 2954 426 2975 ο.
593 2943 605 2973 ι’
629 2942 645 2978 ξ
670 2944 746 2973 139.
905 2941 927 2981 j
952 2940 1034 2978 Peg.
1061 2941 1126 2970 214
1138 2939 1165 2977 b,
1190 2941 1298 2979 3889.
1446 2938 1467 2968 k
1490 2945 1518 2976 ψ
1544 2935 1816 2974 184,εᾶλλυδισ
1838 2936 1869 2964 A
1893 2935 1957 2964 486
1982 2933 2037 2969 al„

213 3007 292 3037 pag.
316 2998 378 3028 158
392 3007 423 3027 a.
590 2995 603 3025 l
627 2998 644 3033 §
665 2995 719 3025 49.
897 3003 926 3023 m
946 2993 966 3032 ξ
991 2994 1046 3023 96.
1234 3002 1256 3021 n
1283 2991 1416 3022 Similia
1438 2992 1520 3021 sunt
1541 2993 1699 3028 τημοῦτοσ
1722 2988 1804 3018 Hes.
1828 2987 1931 3025 Oper.
1959 2987 2037 3022 576,

211 3050 349 3089 τημόσδε
372 3051 465 3080 Arat.
488 3048 619 3079 Phaon.
642 3048 718 3083 473,
737 3048 855 3083 ὁτῆμοσ
879 3045 1006 3076 Herod.
1030 3043 1221 3075 Mimiamb.
1247 3043 1300 3073 111
1324 3044 1379 3073 55.
1489 3051 1507 3072 o
1531 3041 1562 3071 Ω
1587 3041 1663 3071 788.
1793 3049 1817 3079 p
1842 3042 1871 3068 B
1897 3038 1960 3069 471
1993 3038 2037 3068 al.

350 3112 367 3141 q
404 3104 437 3130 fl
460 3101 537 3130 483.
715 3109 732 3128 r
767 3100 785 3128 δ
809 3100 886 3128 400.
