2234 3443
241 151 261 187 1
272 150 324 187 14
995 156 1048 184 DE
1081 155 1299 185 consoms.
1926 148 1965 193 [ἓ
1997 147 2053 186 38

237 269 524 322 μαα-ὄνομα,
556 264 847 321 οὗροσ-ὅροσ,
880 270 974 308 Non
1008 270 1159 308 eadem
1192 273 1340 308 autem
1373 270 1449 308 sed
1482 269 1640 308 similis
1667 271 1760 308 erat
1786 270 1896 309 ratio
1924 271 2058 308 adiec-

240 340 320 378 tivi
353 339 490 377 κενεόσ
522 339 617 377 Sive
650 335 829 376 ustvoab.

356 405 445 456 Quo
476 406 569 444 iure
602 408 750 444 autem
783 415 939 443 vocum
974 403 1206 453 εἰλήλουθα,
1232 404 1423 454 μείλινοσ,
1447 404 1627 453 κουλεόν,
1647 403 2061 457 Οὔλυμποσ,οὔνομα,

237 467 360 521 οὗροσ
407 473 578 519 syllaba
623 472 803 510 initialis
849 472 893 509 in
927 471 1014 509 arsi
1046 471 1234 519 potuerit
1275 471 1476 510 collocari
1517 481 1603 510 non
1644 471 1795 520 liquet.
1838 471 1890 510 Vi
1929 472 2058 525 ictus,

236 541 469 579 adiuvante
501 539 677 587 liquida,
704 539 961 587 productam
989 540 1092 576 sunt
1119 538 1192 585 qui
1218 537 1485 577 arbitrentur
1497 546 1525 577 ο.
1556 538 1670 587 Quae
1693 539 1730 577 si
1748 541 1864 578 recte
1881 539 2062 579 haberet

236 608 392 655 opinio,
435 600 650 654 ἕλήλουθα,
689 607 920 654 ΞΟλυμποσ,
958 600 1101 655 ὄνομα,
1133 607 1214 644 cet.
1248 607 1398 644 essent
1429 603 1710 653 scribendad;
1745 607 1821 645 sed
1853 607 2060 654 quoniam

235 672 484 712 huiusmodi
520 673 815 722 productionis
845 672 1047 721 exempla
1075 674 1193 711 certa
1217 673 1261 711 in
1288 672 1558 711 carminibus
1576 674 1709 721 epicis
1727 673 1846 712 nulla
1863 676 2059 722 extante,

235 741 431 788 ancipites
456 742 598 779 aetate
624 742 847 788 poetarum
878 740 1014 778 fuisse
1042 750 1174 779 sonos
1200 754 1313 778 ει-ε
1340 742 1383 779 et
1411 754 1543 778 ου-ο
1572 750 1626 778 ex
1652 741 1761 789 ipsis
1789 741 2060 780 carminibus

235 807 405 845 videtur
445 806 571 846 effici.
612 807 795 846 Perfecti
831 805 1063 856 εἰλήλουθα,
1098 810 1144 845 ut
1175 807 1471 855 perfectorum
1512 806 1670 856 εἴληφα,
1710 806 1856 858 εἴληχα,
1897 809 2061 858 -είλοχα,

235 884 368 913 sonus
405 874 606 921 ,initialis
662 874 715 912 ad
762 873 1016 922 exemplum
1066 873 1298 913 verborum
1348 873 1474 912 εἴωθα
1523 878 1591 919 (=
1610 873 1787 926 infundet)
1835 877 1878 914 et
1924 875 2062 925 εἴρηκα

235 943 305 983 (=
322 940 514 992 fs'fpnna)
548 941 719 979 videtur
750 951 846 979 esse
873 940 1131 989 productus;
1161 942 1331 979 ceterae
1358 951 1489 980 voces
1517 941 1804 980 conferendae
1831 944 1935 980 sunt
1963 952 2061 983 cum

234 1009 410 1047 nomine
441 1007 616 1057 οὐρανόσ
648 1012 692 1047 et
723 1008 836 1057 aliis,
870 1018 1055 1055 quorum
1089 1008 1385 1057 diphthongus
1411 1018 1635 1056 nunquam
1666 1011 1732 1047 est
1748 1009 1999 1048 imminuta.

352 1075 553 1114 Alienum
597 1076 698 1114 hinc
740 1077 808 1114 est
838 1086 1000 1114 nomen
1035 1075 1216 1114 biforme
1249 1073 1618 1125 ἕταροσ-ἒταῐροσ,
1651 1076 1761 1114 Nam
1795 1086 1948 1115 revera
1977 1076 2061 1116 duo

234 1143 340 1181 haec
371 1145 476 1181 sunt
507 1144 697 1191 nomina,
731 1153 915 1190 quorum
948 1142 1133 1181 alterum
1170 1143 1221 1181 ab
1254 1143 1391 1181 altero
1424 1146 1493 1181 est
1524 1143 1700 1182 ductum
1730 1143 1874 1182 addito
1902 1142 2061 1182 suffixo

234 1211 550 1249 adjectivorum
582 1211 958 1258 possessivorum:
991 1207 1146 1259 ἓτάριοσ
1177 1211 1271 1248 sive
1303 1207 1508 1261 ἓτάρμσΐ.

352 1277 494 1315 Errori
528 1277 708 1316 debetur
741 1276 866 1315 οὐδόσ
898 1286 973 1325 pro
1004 1273 1101 1315 ὁδόσ
1127 1277 1195 1314 via
1227 1277 1438 1316 dictumy.

353 1411 468 1460 Quae
501 1411 552 1449 de
583 1411 766 1459 syllabis
799 1411 1003 1450 brevibus
1035 1410 1154 1449 arsin
1187 1411 1487 1450 obtinentibus
1516 1411 1558 1449 in
1587 1411 1669 1449 hac
1695 1410 1793 1449 libri
1819 1412 1941 1459 parte
1958 1412 2063 1449 sunt

234 1479 458 1527 disputata
472 1476 504 1527 k,
539 1489 588 1517 eo
621 1478 804 1517 redeunt
835 1481 884 1516 ut
916 1488 1002 1517 non
1034 1478 1121 1516 nisi
1153 1478 1382 1516 initialibus
1409 1480 1451 1516 et
1474 1478 1671 1527 finalibus
1696 1487 1953 1516 concessum
1981 1477 2062 1516 hoc

234 1542 401 1594 fueriti,
450 1548 494 1585 et
539 1555 593 1584 ne
643 1546 712 1583 his
759 1546 934 1592 quidem
982 1545 1140 1592 ubique
1188 1547 1263 1583 aut
1303 1544 1582 1592 quibuslibet.
1627 1545 1825 1583 Initiales
1856 1546 1943 1583 arsi
1974 1554 2060 1583 non

234 1618 358 1652 erant
399 1615 523 1662 aptae
555 1613 639 1651 nisi
671 1614 950 1661 excipiebant
981 1613 1179 1652 eiusdem
1211 1614 1330 1652 vocis
1356 1613 1511 1652 breves
1537 1613 1648 1651 duae
1676 1614 1719 1651 et
1744 1612 1873 1660 longa
1889 1609 2059 1659 (e-er„;)j;

233 1680 435 1719 finalibus
475 1691 655 1719 consona
695 1680 858 1719 clausis
900 1690 1030 1729 saepe
1063 1683 1165 1719 ante
1198 1690 1425 1718 caesuram
1459 1683 1501 1718 et
1533 1682 1633 1718 ante
1662 1680 2059 1728 interpunctionem

234 1749 362 1787 datus
409 1750 477 1786 est
523 1748 658 1796 Iocus
707 1758 806 1786 raro
849 1749 893 1785 in
933 1747 1076 1798 medio
1119 1757 1275 1786 versus
1323 1748 1616 1794 orationisque
1664 1747 1862 1795 decursu,
1908 1746 2062 1785 vocales

234 1820 381 1855 autem
425 1815 577 1854 finales
621 1817 722 1853 ante
765 1815 1076 1853 semivocalem
1119 1815 1257 1853 cuivis
1299 1815 1387 1853 arsi
1428 1816 1554 1863 aptae
1586 1816 1724 1862 erant,
1758 1816 1858 1852 ante
1889 1816 2060 1852 mutam

233 1895 334 1923 vero
367 1884 524 1922 tertiae
556 1878 682 1921 solih.
716 1882 924 1930 Ancipites
953 1892 1065 1930 quae
1097 1882 1301 1920 dicuntur
1326 1882 1370 1920 in
1398 1881 1516 1920 thesi
1548 1891 1677 1930 saepe
1704 1881 2060 1929 corripiebantur.

350 1950 531 1998 Egregie
579 1952 726 1988 autem
774 1949 942 1998 decepti
989 1951 1094 1987 sunt
1141 1950 1215 1997 qui
1256 1949 1300 1987 in
1342 1949 1524 1988 Homeri
1566 1949 1832 1987 carminibus
1864 1948 2061 1996 quaslibet

231 2018 422 2066 syllabas
478 2017 632 2055 breves
687 2010 929 2064 quamlibet
988 2016 1106 2054 arsin
1163 2016 1359 2055 obtinere
1413 2016 1607 2064 potuisse
1648 2016 1692 2053 in
1736 2016 1934 2053 animum
1976 2015 2058 2060 sibi

231 2081 535 2123 induxeruntl.
570 2083 660 2132 Qua
692 2084 895 2122 libertate
927 2083 1137 2122 Aeolicam
1164 2084 1315 2132 poesin
1343 2083 1451 2121 olim
1478 2093 1606 2121 usam
1635 2092 1731 2121 esse
1759 2082 2062 2120 demonstrare

234 2155 416 2192 conatus
463 2153 530 2190 est
571 2151 673 2189 Fick
715 2149 903 2190 confisus
939 2151 1213 2199 argumentis
1246 2160 1401 2199 parum
1433 2149 1574 2188 firmis
1605 2160 1626 2188 e
1659 2149 1876 2188 Theocriti
1904 2150 2057 2188 carmi-

233 2219 360 2257 nibus
404 2218 575 2266 petitis;
617 2218 692 2257 sed
733 2218 948 2257 faciamus
988 2218 1267 2257 Theocritum
1311 2227 1464 2256 revera
1505 2217 1546 2255 id
1580 2216 1663 2255 sibi
1690 2217 1929 2255 sumsisse:
1959 2216 2059 2263 quid

233 2286 466 2333 sequetur?
509 2285 602 2324 Hoc
644 2296 792 2334 unum,
837 2295 934 2324 sero
975 2287 1130 2324 natum
1173 2285 1297 2323 illum
1340 2287 1516 2333 poetam
1557 2284 1690 2332 leges,
1733 2294 1842 2331 quae
1883 2284 1927 2322 in
1964 2286 2057 2322 arte

232 2356 385 2392 vatum
418 2353 638 2400 epicorum
671 2352 741 2391 vel
771 2353 815 2391 in
849 2355 942 2392 arte
975 2354 1204 2391 cantorum
1237 2352 1491 2390 Lesbiorum
1519 2351 1623 2391 olim
1652 2350 1946 2399 obtinuerant,
1973 2360 2058 2389 non

233 2422 343 2459 satis
374 2420 578 2458 habuisse
610 2421 806 2468 cognitas
820 2429 861 2459 ⁷1².

320 2586 340 2605 a
364 2578 394 2604 Γ
423 2576 485 2603 235
521 2576 546 2603 Ρ
577 2575 639 2603 260
672 2575 686 2608 ζ
719 2575 779 2603 194
814 2586 822 2603 ι
856 2574 932 2603 355.
1112 2573 1128 2603 b
1153 2574 1171 2612 ξ
1198 2575 1249 2603 63.
1429 2582 1445 2603 c
1469 2573 1617 2603 Schulze
1641 2574 1781 2609 Quaest.
1804 2574 1866 2612 Ep.
1891 2573 1954 2602 202
1980 2581 2055 2610 sqq.

363 2626 386 2656 d
407 2627 461 2656 Sic
486 2625 623 2663 Knight.
758 2635 774 2654 e
797 2625 870 2655 Non
894 2627 985 2655 enim
1011 2626 1053 2656 de
1078 2625 1257 2655 initialium
1282 2624 1492 2662 liquidarum
1519 2627 1553 2655 vi
1577 2626 1608 2663 (§
1623 2626 1663 2655 26
1679 2625 1743 2665 eq.)
1765 2634 1855 2656 nunc
1874 2626 1912 2654 fit
1931 2633 2055 2655 serm0.

354 2678 385 2719 f
404 2679 458 2708 Sic
484 2681 517 2707 et
537 2677 675 2707 nomina.
700 2680 825 2715 Ἀθήνη,
851 2683 896 2714 γῆ,
911 2677 992 2716 ἑξῆσ,
1006 2679 1163 2719 Ζέφυροσ,
1178 2679 1355 2718 παρθένοσ,
1370 2679 1475 2717 ἴγχοσ,
1489 2679 1628 2717 ἔλεγχοσ,
1642 2679 1738 2715 ὁμώσ,
1754 2680 1826 2716 ἠώσ,
1838 2682 1936 2718 xpum,
1947 2682 2057 2716 γραῡσ,

232 2736 333 2771 Ῐαρήν
356 2732 491 2762 suffixis
515 2731 777 2760 adiectivalibuss
802 2734 904 2760 aucta
928 2732 1087 2761 abierunt
1112 2730 1147 2761 in
1172 2734 1334 2769 Ἀθηναίη,
1360 2737 1444 2768 γαῖα,
1457 2730 1565 2769 ἑξείησ,
1580 2735 1729 2772 Ζεφυρίη,
1743 2733 1929 2771 παρθενική,
1942 2730 2054 2768 δγχεΐη,

233 2786 377 2823 ἐλιγχεΐη,
413 2785 558 2821 ὸμῶ(ι)οσ
593 2784 674 2812 Hes.
709 2784 809 2821 Oper.
848 2785 924 2822 430,
961 2785 1035 2820 470,
1070 2785 1135 2822 ἡοΐη
1167 2785 1182 2814 δ
1216 2784 1292 2820 447,
1324 2785 1416 2823 χροΐη
1448 2786 1481 2813 Ξ
1512 2785 1585 2819 164,
1610 2788 1701 2824 γραίη
1724 2795 1743 2813 α
1768 2784 1843 2821 438,
1866 2782 2056 2821 (f)apn‹do.

359 2847 380 2876 y
405 2850 421 2877 ρ
448 2838 521 2866 196.
657 2835 675 2864 h
702 2840 716 2871 ς’
745 2837 884 2865 19-38.
1020 2836 1031 2865 i
1055 2835 1132 2873 Pag.
1148 2836 1189 2866 94
1203 2846 1241 2865 m.
1368 2835 1389 2874 j
1413 2836 1636 2874 Neglegimus
1657 2834 1789 2873 aliquot
1807 2842 2053 2864 versusavoce

231 2891 295 2918 ἐπεί
308 2889 522 2927 ἰυοίρίτυίιθε,
535 2897 611 2926 pag.
629 2889 668 2917 95
685 2898 710 2917 υ.
846 2887 866 2916 lc
890 2887 1116 2925 Neglegimus
1129 2897 1252 2918 sonum
1266 2900 1300 2917 -α
1315 2890 1441 2923 neutri,
1455 2897 1532 2926 pag.
1548 2886 1670 2927 92f,9.
1809 2885 1823 2915 l
1843 2886 1904 2916 Ex.
1917 2894 1967 2923 gr.
1983 2888 1995 2920 ζ
2010 2888 2051 2915 46

234 2945 364 2977 „aaaron
388 2942 453 2971 mit
474 2950 484 2971 ῑ
508 2944 609 2971 nutet
633 2941 711 2970 dem
736 2940 847 2970 ictus''
872 2939 954 2969 Fick
979 2941 1101 2977 Odyss.
1129 2943 1182 2977 93,
1209 2945 1224 2970 λ
1249 2942 1312 2971 403
1340 2943 1581 2978 ,,μαχεόμμει·ον
1604 2941 1667 2970 mit
1688 2952 1703 2969 ο
1722 2941 1822 2969 unter
1845 2938 1920 2968 dem
1942 2939 2053 2967 ictue'’

232 2994 314 3023 ibid.
347 2995 399 3023 96.
433 2993 544 3024 Etiam
579 2994 700 3023 miram
733 2992 918 3023 lectionem
946 2994 1015 3022 οὐδὲ
1039 2997 1130 3032 ρ’άῑον
1156 2997 1182 3023 Β
1207 2995 1272 3023 880
1298 2994 1340 3023 al.
1366 2993 1451 3023 Fick
1476 2994 1612 3023 videtur
1635 2992 1787 3022 voluisse
1810 2992 1857 3021 ita
1882 2989 1992 3029 accipi
2017 2994 2054 3020 ut

233 3045 326 3075 arsin
350 3045 523 3076 obtineret
547 3055 650 3075 sonus
675 3051 693 3075 ἴ.
830 3055 857 3074 m
882 3045 933 3074 De
954 3045 1138 3075 Theocrito
1158 3046 1317 3076 Philetas
1338 3051 1392 3075 τοῦ
1405 3049 1654 3084 γλωσσογράφοι)
1667 3043 1841 3082 discipulo
1854 3052 1932 3082 pag.
1949 3044 1988 3072 27
2004 3052 2055 3081 sq.

230 3099 330 3128 vitiis
353 3102 468 3128 textus
494 3099 610 3128 traditi
637 3094 705 3137 ὅφιν
730 3101 768 3127 Μ
791 3099 854 3128 208
876 3096 968 3137 (pag.
995 3098 1093 3138 96f)‚
1118 3094 1190 3128 ὀδόν
1213 3110 1229 3139 ρ
1257 3101 1332 3134 196,
1354 3095 1459 3136 μέλανι
1485 3099 1514 3127 Ω
1537 3098 1576 3128 79
1599 3095 1728 3136 posteri
1750 3098 1909 3135 poterant
1927 3095 2051 3134 decipi.
