2234 3443
139 189 162 234 5
194 189 265 233 40]
893 196 947 223 DE
980 194 1198 224 coNsoms.
1872 183 1890 219 1
1901 183 1954 219 25

255 312 389 359 Atqui
432 311 469 348 si
510 311 592 349 hoc
632 311 675 349 in
713 319 842 349 versu
874 310 1099 358 digamma
1130 309 1262 347 certis
1293 308 1556 355 invictisque
1589 305 1862 353 argumentis
1893 306 1961 343 est

137 379 397 427 stabilitum,
438 387 523 416 non
563 380 630 417 est
670 388 746 417 cur
787 377 1010 416 sexcentis
1046 376 1143 414 aliis
1175 375 1282 414 locis
1315 375 1442 413 aliter
1474 373 1740 414 sentiamus:
1773 381 1858 410 non
1891 373 1959 409 est

137 457 212 485 cur
253 455 466 494 negemus
508 445 646 483 audiri
688 446 887 493 potuisse
930 446 1078 482 utrum
1117 440 1241 495 ιρειρέω
1279 443 1373 480 sive
1411 442 1549 480 dicam
1582 439 1713 479 vellet
1745 440 1873 487 poeta
1903 447 1957 475 an

139 512 231 562 ἐρέω
264 513 358 552 sive
389 522 512 560 r0903
547 522 654 551 sono
687 512 896 551 distincta
926 511 968 549 in
998 511 1091 549 eius
1124 520 1196 548 ore
1229 509 1365 547 fuisse
1397 508 1655 557 pronomina
1687 505 1732 543 ὄσ
1762 505 1857 543 sive
1889 504 1961 551 qui

137 582 181 620 et
225 579 304 633 ιΙτόσ
351 580 445 618 sive
491 589 616 627 secum
665 579 783 618 aliud
824 579 864 618 ei
905 578 1107 617 sonuisse
1142 578 1220 614 Ζεῦ
1250 577 1360 628 foiva
1392 575 1580 624 Iuppiter
1610 584 1697 621 rex,
1732 572 1849 611 aliud
1882 573 1960 608 Ζεῦ

137 646 215 686 ἄνα
247 657 371 696 surqe
397 646 596 696 Iuppiter.

255 714 338 752 Sed
380 714 569 752 sortasse
612 713 771 752 dixerit
808 713 1049 760 quispiam:
1091 721 1139 756 „o
1172 711 1296 757 bone,
1330 709 1535 748 verberas
1568 713 1691 755 ae1·a;
1726 706 1811 745 alia
1843 705 1959 743 enim

139 781 248 829 „fuit
294 791 421 820 mens
462 780 697 830 philologis
737 780 839 825 illis,
883 781 1034 818 contra
1079 788 1188 826 quos
1218 787 1334 816 nunc
1365 777 1576 825 disputas.
1623 772 1961 814 Arbitrabantur

138 848 228 897 „illi
261 849 442 888 Iliadem
477 850 520 887 et
553 848 795 896 odysseam
830 858 851 886 e
883 846 1155 885 brevioribus
1183 844 1464 895 carminibuS‚
1494 844 1535 882 in
1565 843 1720 890 quibus
1737 841 1962 889 digamma

137 916 355 964 „vivebat,
403 916 669 964 compositas
711 925 810 954 esse
853 925 877 953 a
920 915 1025 952 viris
1067 923 1253 962 quorum
1297 912 1447 959 lingua
1488 920 1594 949 sono
1634 910 1707 948 illo
1748 908 1960 947 destituta

135 984 296 1021 esset”.

253 1050 378 1088 Esto:
406 1060 637 1089 sumamus
664 1050 775 1088 hanc
800 1049 976 1088 illorum
1002 1048 1245 1087 aliorumve
1273 1046 1523 1085 criticorum
1542 1044 1678 1083 fuisse
1695 1043 1957 1092 opinionem.

133 1116 253 1156 Duae
285 1118 418 1164 igitur
449 1119 600 1166 patent
632 1118 728 1156 viae
758 1117 821 1156 ita
853 1116 1147 1156 censentibus.
1181 1116 1269 1153 Aut
1302 1114 1420 1153 enim
1472 1111 1734 1151 contendere
1775 1110 1961 1158 possunt

132 1184 274 1232 prisca
314 1186 511 1223 carmina
553 1185 757 1223 manibus
799 1184 956 1223 alienis
998 1186 1183 1230 mutata,
1227 1182 1468 1228 decurtata,
1514 1180 1653 1226 aucta,
1688 1177 1960 1216 comminuta

133 1261 230 1290 esse
255 1253 299 1290 et
324 1252 399 1290 vix
426 1251 564 1290 ullum
594 1252 906 1290 hexametrum
932 1251 1068 1289 talem
1095 1259 1325 1299 superesse
1354 1247 1495 1296 qualis
1523 1256 1577 1285 ex
1605 1247 1758 1294 poetae
1777 1254 1849 1282 ore
1867 1253 1958 1292 pro·

133 1317 274 1367 dierit,
316 1321 391 1358 aut
432 1319 630 1358 Fickium
672 1319 813 1357 secuti
846 1321 1033 1368 possunt
1064 1317 1302 1366 perhibere,
1338 1314 1534 1354 carmina
1565 1311 1822 1362 principalia
1854 1310 1962 1348 satis

133 1385 305 1433 integra
346 1386 600 1425 etiamnunc
641 1388 805 1433 extare,
851 1386 935 1424 nisi
977 1386 1090 1433 quod
1124 1385 1169 1423 in
1202 1384 1398 1423 ionicam
1426 1381 1663 1420 dialectum
1697 1390 1751 1418 ex
1782 1378 1960 1418 Aeolica

134 1454 252 1501 tunc,
294 1462 392 1491 cum
426 1463 561 1491 sonus
593 1468 622 1504 f
655 1453 768 1490 inter
801 1453 928 1490 Iones
960 1452 1270 1499 obmutuisset,
1304 1450 1466 1489 fuerint
1484 1457 1710 1495 conversa,
1745 1448 1962 1498 quatenus

134 1519 228 1558 sine
271 1519 483 1558 violentia
524 1519 616 1559 fieri
658 1520 701 1558 id
742 1522 934 1569 poterat;
968 1520 1122 1558 multis
1153 1520 1302 1557 autem
1331 1518 1623 1556 recentiorum
1651 1514 1962 1553 additamentis

133 1596 230 1625 esse
272 1589 446 1626 onusta.
495 1587 615 1626 Haec
647 1587 886 1626 resecanda
916 1597 1028 1635 esse,
1063 1587 1106 1624 in
1140 1586 1346 1634 genuinis
1379 1594 1481 1623 vero
1512 1583 1714 1622 versibus
1745 1591 1841 1620 curn
1877 1580 1962 1618 alia

137 1654 408 1693 restituenda
440 1665 552 1703 esse,
586 1665 694 1702 quae
725 1655 903 1694 Aeolica
935 1654 1148 1693 dialectus
1180 1653 1332 1692 habuit
1362 1651 1547 1701 propria,
1578 1652 1673 1689 tum
1689 1649 1958 1697 digammaa·

251 1720 419 1760 Harum
461 1723 716 1770 opinionum
753 1723 869 1771 prior
903 1733 951 1760 eo
984 1722 1095 1760 redit
1127 1724 1174 1760 ut
1207 1721 1312 1759 Ilias
1345 1722 1388 1758 et
1421 1719 1617 1767 Odyssea
1647 1727 1733 1756 non
1765 1717 1961 1756 carmina

133 1787 209 1826 sed
257 1789 502 1827 carminum
550 1789 732 1828 umbrae
780 1792 823 1828 et
868 1799 1076 1828 versuum
1124 1789 1280 1826 rudera
1326 1788 1583 1826 habeantur.
1625 1786 1656 1824 E
1688 1785 1954 1833 templorum

134 1854 411 1902 antiquorum
444 1856 661 1904 lapidibus
692 1858 868 1905 tuguria
899 1859 943 1895 et
974 1856 1148 1895 stabula
1194 1855 1290 1893 rudi
1323 1857 1417 1893 arte
1450 1864 1547 1893 esse
1580 1855 1772 1900 structa;
1805 1855 1957 1900 poetas

133 1922 321 1961 dixisse:
364 1922 452 1971 φίλε
487 1921 632 1975 fenne}
673 1924 833 1975 &faudo
875 1937 912 1961 τε
946 1925 1012 1962 et:
1044 1923 1165 1975 faiho
1199 1920 1241 1960 δέ
1282 1932 1364 1974 fot·
1405 1919 1503 1958 ἀλλὰ
1543 1920 1720 1972 ιρέκκλοσ
1749 1915 1753 1969 Ι
1781 1917 1955 1971 fsppe'tco

133 1991 194 2027 et:
254 1984 319 2026 οἷά
373 2004 411 2027 τε
466 1996 547 2043 fetu
600 1995 742 2043 focmss
793 1992 925 2043 ιριίινοιξ
983 1989 1168 2038 ἐΰθυμοσ
1225 1988 1358 2036 ἔδωκε,
1407 1988 1483 2026 sed
1538 1989 1580 2026 in
1623 1987 1699 2026 illa
1745 1996 1954 2025 versuum

133 2056 406 2096 heroicorum
441 2058 653 2108 congerie,
687 2068 798 2106 quae
831 2058 884 2097 ad
916 2068 995 2096 nos
1027 2057 1238 2106 pervenit,
1283 2056 1381 2094 inde
1413 2055 1465 2094 ab
1497 2055 1623 2094 initio
1656 2055 1793 2093 fuisse
1826 2053 1958 2092 verba

133 2123 445 2163 immodulata:
478 2124 568 2173 φίλε
599 2123 713 2175 ἑκυρέ
745 2128 788 2164 et
820 2124 863 2163 δέ
900 2124 940 2163 οἵ
968 2127 1011 2163 et
1041 2139 1079 2162 τε
1111 2118 1170 2172 ὧι,
1202 2133 1304 2162 nam
1332 2132 1474 2171 opera,
1505 2123 1750 2161 carminum
1778 2121 1955 2159 nomine

131 2189 322 2240 indigna,
355 2201 465 2239 quae
497 2192 677 2232 Homeri
709 2203 869 2232 nomen
900 2192 1214 2240 grandisonum
1246 2191 1506 2238 inscriptum
1535 2189 1711 2237 habent,
1739 2199 1760 2227 e
1787 2188 1957 2227 laciniis

133 2267 336 2297 verorum
378 2259 626 2298 carminum
672 2260 980 2299 consarcinata
1022 2269 1118 2298 esse
1161 2259 1213 2297 ab
1248 2257 1501 2296 hominibus
1534 2257 1765 2305 imperitis,
1800 2256 1871 2304 qui
1903 2266 1957 2294 ne

135 2325 363 2364 metricam
405 2327 579 2375 quidem
618 2329 756 2366 artem
790 2328 902 2366 satis
934 2326 1217 2375 probabiliter
1245 2325 1514 2373 didicissent,
1543 2326 1586 2363 et
1612 2325 1832 2363 nescirent
1857 2323 1957 2371 quid

136 2393 253 2430 esset
278 2392 427 2432 hiatus
459 2395 617 2441 quidve
648 2396 883 2434 interesset
908 2395 1021 2432 inter
1038 2393 1254 2441 syllabam
1274 2393 1449 2440 longam
1469 2396 1512 2430 et
1528 2391 1745 2439 syllabam
1764 2390 1954 2429 brevem.

251 2459 320 2498 Ita
360 2461 399 2498 si
431 2462 528 2508 quis
559 2463 775 2511 opinatur,
809 2463 1002 2511 proferat
1033 2471 1161 2499 suam
1194 2460 1477 2508 sententiam,
1512 2461 1555 2498 et
1586 2459 1752 2507 apertis
1783 2458 1956 2505 quidem

135 2613 210 2644 aevi
238 2614 443 2645 recentioris
474 2616 530 2646 hic
561 2615 628 2646 sibi
659 2617 800 2647 volunt?
833 2617 884 2647 De
913 2617 1013 2646 hisne
1043 2624 1135 2645 nunc
1159 2616 1273 2653 agitur
1296 2624 1339 2644 an
1364 2614 1406 2644 de
1434 2615 1510 2653 ipso
1535 2613 1660 2652 poeta?
1686 2613 1802 2650 Pergit
1826 2612 1951 2642 Cauer:

135 2668 213 2704 „ich
247 2668 336 2698 habe
372 2669 464 2698 beim
501 2669 617 2699 Druck
651 2670 784 2699 meiner
817 2671 978 2707 Auegabe
1012 2668 1215 2698 wiederholt
1246 2667 1425 2702 bedauert,
1457 2667 1536 2696 dass
1566 2666 1623 2696 ich
1647 2665 1743 2695 nicht
1766 2666 1828 2694 wie
1852 2677 1864 2694 ε
1889 2665 1950 2694 321

136 2720 228 2760 ,,(γάρ
261 2723 274 2749 ἑ
301 2723 418 2761 βάρυνε
449 2723 533 2751 statt
563 2723 622 2762 γάρ
652 2722 683 2760 ῥ’
703 2723 845 2763 ἐβάρυνε)
869 2731 905 2752 so
931 2731 973 2751 an
998 2721 1149 2750 anderen
1174 2719 1316 2757 Stellen‚
1342 2729 1392 2749 wo
1418 2729 1455 2749 es
1479 2718 1617 2749 elidiert
1640 2717 1843 2748 erschienen
1866 2717 1953 2746 ware

136 2772 200 2810 „(z.
231 2772 269 2803 B.
301 2785 318 2814 ρ
350 2775 413 2803 576
447 2775 483 2803 οὐ
515 2776 552 2804 σύ
582 2774 608 2811 γ’
640 2774 755 2811 dyeia),
786 2774 848 2804 das
880 2776 896 2804 ἕ
922 2775 957 2803 in
984 2774 1058 2803 sein
1082 2775 1182 2811 gutes
1207 2773 1317 2803 Recht
1340 2771 1517 2802 einsetzen
1542 2772 1680 2801 konnte.
1704 2770 1795 2800 Aber
1817 2770 1872 2799 fiir
1895 2768 1952 2799 die

135 2822 264 2863 „Frage
295 2826 385 2855 nach
416 2826 494 2856 dem
528 2826 623 2855 Alter
654 2826 716 2855 des
743 2823 788 2864 β’
823 2826 875 2865 [at
898 2826 984 2855 haee
1008 2834 1074 2855 non
1098 2825 1269 2863 agebatur
1295 2824 1486 2862 quaestiol]
1516 2824 1615 2860 „sind
1638 2823 1732 2853 Falle
1757 2822 1870 2852 dieser
1893 2821 1956 2851 Art

134 2877 244 2913 „ohne
265 2877 369 2915 jeden
391 2877 557 2916 Belang''.
581 2879 695 2908 Satius
718 2877 824 2915 igitur
846 2879 944 2908 duxit
967 2879 1161 2916 pronomini
1185 2887 1285 2908 suum
1310 2879 1422 2908 locum
1444 2877 1614 2914 denegare
1635 2876 1706 2905 sive
1728 2883 1848 2904 versus
1861 2883 1950 2904 com-

133 2930 252 2968 plures
283 2938 346 2960 non
375 2931 463 2961 tales
494 2931 617 2961 excudi
649 2929 769 2960 iubere
801 2931 920 2968 quales
951 2931 1035 2961 fecit
1064 2933 1178 2969 poeta,
1202 2940 1305 2968 quam
1330 2931 1457 2961 edendi
1477 2930 1646 2959 rationem
1672 2930 1822 2958 mutare:
1846 2927 1951 2956 verba

135 2981 172 3012 ὅσ
202 2981 265 3017 ἄξει
296 2985 346 3013 et:
379 2985 414 3013 οὐ
449 2986 488 3013 σύ
521 2984 545 3021 γ’
581 2984 670 3020 hiram
697 2982 813 3025 pitiose
843 2982 967 3013 tradita
998 2992 1073 3013 esse
1104 2982 1213 3013 sensit
1244 2986 1278 3013 et
1307 2983 1485 3021 professus
1508 2984 1572 3017 est,
1594 2983 1688 3019 ipsos
1713 2981 1801 3011 enim
1828 2981 1951 3018 poetas

133 3035 182 3064 ita
204 3035 338 3065 locutos
360 3044 427 3065 non
449 3044 538 3072 esse,
562 3053 601 3057 —
628 3039 662 3066 et
681 3038 798 3066 tamen
817 3034 852 3064 in
873 3034 1086 3066 editionibus
1106 3036 1281 3065 hodiernis
1306 3034 1495 3073 repetenda
1518 3034 1680 3063 videntur
1703 3041 1790 3070 quae
1817 3033 1859 3062 ab
1882 3032 1951 3061 illie

134 3085 226 3117 dicta
259 3096 321 3117 non
356 3096 432 3118 esse
466 3089 621 3118 constet?
756 3098 775 3118 a
800 3089 890 3123 „Das
922 3089 1106 3126 digamma,
1135 3089 1284 3119 welches
1316 3097 1380 3117 uns
1410 3087 1580 3117 verbietet
1602 3087 1729 3116 Homer
1753 3086 1804 3115 als
1827 3085 1951 3120 Ionier,

136 3139 227 3174 „und
248 3149 314 3170 uns
345 3141 479 3179 niithigt
501 3142 561 3171 ihn
586 3142 637 3172 als
661 3141 782 3172 Aeoler
806 3150 849 3171 zu
879 3139 1046 3177 denken”,
1070 3142 1153 3171 Fick
1176 3141 1296 3178 Odyss.
1323 3141 1340 3171 7
1367 3142 1401 3170 et
1425 3140 1571 3177 saepius.
