2234 3443
280 212 363 249 318
748 221 802 249 DE
834 220 1058 249 STIRPIBUS
1090 220 1135 248 m
1166 219 1192 259 ῑ,
1225 219 1262 259 ῦ,
1296 219 1629 249 DIPHTHONGUM.
1781 211 1818 255 [ἓ
1855 208 2085 247 182-187

395 330 421 385 ὅ
456 332 548 376 182.
590 331 714 387 (fi-eo)
746 334 877 373 θείωα
916 334 1010 373 sive
1050 332 1134 372 θέω
1148 334 1177 383 b,
1210 335 1449 383 θεύσομαισ.
1481 354 1536 360 -
1570 331 1811 371 Cohaerent
1841 331 1946 371 θοόσ
1973 333 2087 381 celer,

275 402 387 441 unde
419 403 590 450 propria
620 403 799 442 nomina
831 402 972 441 multa
1004 403 1108 440 sunt
1139 401 1281 441 ducta.

392 543 419 599 ξ
454 547 551 591 183.
598 543 749 597 (κλευ)
794 541 944 582 atelnod
988 545 1082 583 sive
1128 542 1256 581 κλέωε
1296 544 1460 583 celebro.
1503 543 1684 583 Brevior
1724 542 1866 581 forma
1900 544 2089 581 testatur

273 613 589 663 diphthongum
622 629 655 652 ει
686 623 773 652 non
805 621 903 651 esse
935 611 1264 650 distrahendam
1281 608 1319 650 f.
1342 633 1392 639 —
1411 611 1508 650 Adi.
1537 609 1712 649 verbale
1732 610 1883 648 κλειτόσ
1899 610 2088 659 inclytus.

273 680 502 721 Praeterea
541 682 744 721 cohaeret
783 676 971 731 u16(f)06‚
1010 678 1180 718 brevior
1221 679 1371 717 autem
1412 679 1546 726 stirps
1577 679 1648 714 κλυ
1679 677 1844 725 peperit
1876 677 2087 716 aoristum

270 746 596 788 intransitivum
660 747 798 785 ἔκλυον
860 743 1033 785 audivi?
1091 747 1134 784 et
1190 745 1272 784 adi.
1325 744 1502 784 verbale
1547 742 1689 782 κλυτόσ
1734 744 1842 783 item
1886 744 2085 794 inclytum

272 813 536 861 significans.

389 951 416 1005 ἓ
450 953 546 997 184.
587 957 700 1009 (νεο)
742 953 818 993 νέω
831 953 864 1005 h,
904 953 1042 994 vs'oevi.
1080 978 1134 983 —
1169 954 1366 1004 Cognata
1398 958 1503 994 sunt
1533 956 1639 1006 νάχω
1670 956 1764 994 sive
1795 956 1978 1005 νάχομαι,
2004 955 2085 994 fut.

271 1022 455 1071 νήξομαι,
485 1024 528 1062 et
559 1023 671 1061 νάειν
698 1023 839 1071 fluere.

387 1161 414 1215 ξ
449 1163 550 1207 185.
597 1161 748 1217 (πλεο)
789 1162 936 1203 πλείω]
977 1165 1072 1204 sive
1112 1162 1250 1203 nzs'cok
1280 1165 1442 1214 ηαυὶρο,
1474 1164 1691 1214 πλεύσομαι
1707 1161 1728 1202 2.
1759 1187 1814 1191 -
1847 1164 2086 1204 Cohaerent

269 1231 393 1270 πλόοσ
425 1234 467 1271 et
499 1230 676 1270 ἐϋπλοΐκ.

385 1320 444 1328 -
475 1294 611 1347 (πλω)
653 1299 770 1338 πλώω
804 1302 902 1338 nato
918 1307 944 1326 ⁷⁷²
977 1309 1077 1338 cum
1110 1299 1192 1338 adi.
1226 1299 1392 1339 verbali
1422 1298 1576 1338 πλωτόσ
1589 1308 1620 1338 ⁷¹.
1651 1300 1751 1338 Aor.
1781 1297 1961 1337 -έπλωνθ
1991 1299 2085 1338 Sive

266 1364 475 1404 -έπλωσαΡ
506 1368 714 1415 naviyavi.

385 1434 527 1473 Verba
556 1435 664 1474 haec
695 1434 884 1483 gemella
914 1434 1029 1473 haud
1060 1444 1211 1474 severe
1236 1434 1661 1483 distinguebanturq.
1687 1435 1968 1473 Irridentium
1996 1435 2089 1473 erat

267 1502 559 1550 compositum
592 1501 772 1541 scurrile
805 1501 1053 1551 δακρυπλώω
1067 1509 1093 1539 r.

383 1633 411 1687 ἓ
443 1634 542 1678 186.
590 1633 736 1688 (aveo)
782 1634 933 1673 πνείωδ
977 1636 1071 1674 sive
1117 1633 1222 1674 πνέω
1237 1636 1262 1685 t,
1306 1634 1481 1674 ἔπνευσα
1494 1644 1525 1673 u.
1572 1636 1672 1674 Aor.
1717 1634 1830 1673 med.
1878 1636 1921 1674 et
1966 1644 2082 1683 pass.

265 1699 529 1754 ἀνεπνῢμκνθ
561 1703 656 1742 Sive
688 1697 928 1752 ἀνεπνῢθην
941 1711 978 1740 20.
1008 1726 1060 1732 —
1089 1703 1185 1743 Adi.
1213 1703 1390 1742 verbale
1408 1701 1672 1748 (ἅ)πνευστοσ.
1689 1703 1921 1741 Praeterea
1935 1702 2085 1741 cohae-

264 1774 362 1810 rent
393 1769 656 1819 ἀνάπνευσισ,
684 1770 821 1819 πνοιή,
851 1770 1056 1819 πνεύμων,
1091 1765 1276 1808 ποιπνῢω
1293 1777 1324 1808 ²³.

383 1838 534 1877 Simile
564 1837 666 1876 huic
695 1837 890 1885 spirandi
921 1837 1053 1876 verbo
1081 1837 1154 1876 sed
1183 1847 1270 1876 non
1297 1839 1530 1885 cognatum
1546 1834 1669 1875 rjfuit
1685 1837 1925 1885 perfectum
1942 1846 2085 1885 sapere

265 1906 429 1958 valens,
461 1905 574 1953 quod
608 1915 633 1943 a
659 1905 794 1953 stirpe
819 1899 958 1952 π(ι)νο
984 1907 1052 1944 est
1069 1905 1271 1943 ductum:
1290 1901 1787 1953 πέπνῦσαιτξπέπιιῡσοα,
1803 1906 2035 1941 πεπνῦσθαι
2049 1901 2085 1952 b,

263 1970 517 2022 πεπνῦμὲνοσ
557 1972 735 2021 sapiens,
777 1972 982 2011 adiectivi
1013 1981 1196 2011 munere
1228 1972 1427 2011 functum
1443 1978 1473 2011 0.
1509 1993 1561 1999 —-
1595 1972 1737 2010 Huius
1768 1970 1916 2020 stirpis
1945 1970 2087 2010 forma

261 2040 446 2089 amplior
472 2040 636 2089 peperit
663 2040 747 2079 adi.
774 2039 949 2079 verbale
976 2038 1158 2089 πινυτόσ,
1183 2039 1515 2078 substantivum
1533 2039 1694 2087 πινυτή,
1711 2037 1842 2077 verba
1858 2035 2083 2076 πινύσσαιᾱ

262 2110 307 2146 et
337 2105 573 2146 ἀπινύσσειν
587 2114 617 2144 θ.

379 2246 406 2298 ἓ
442 2246 542 2290 187.
590 2245 706 2301 (peu)
757 2246 907 2299 ῥείεινῖ
951 2249 1045 2288 Sive
1092 2246 1244 2299 ρἑινὲ,
1275 2258 1365 2289 aor.
1404 2244 1545 2299 ’ρύηῑῑΙ
1588 2248 1684 2288 Adi.
1726 2246 1899 2287 verbale
1929 2246 2081 2298 -ρυτόσ,

262 2316 492 2355 Praeterea
523 2317 709 2364 cognata
738 2317 843 2355 sunt
875 2314 985 2367 ρόοσ,
1014 2314 1102 2367 ῥοά,
1132 2314 1315 2367 ῥέεθρον,
1344 2314 1483 2366 ρυδόν.

349 2489 369 2508 a
393 2483 420 2508 Z
445 2477 507 2509 507
534 2479 576 2508 al.
711 2478 726 2507 h
752 2480 786 2508 A
811 2478 874 2508 483
900 2478 942 2508 al.
1077 2487 1094 2508 ο
1115 2480 1144 2507 Λ
1169 2477 1229 2510 701
1258 2478 1302 2508 al.
1445 2477 1469 2508 d
1489 2478 1520 2508 Ω
1544 2477 1608 2507 202
1636 2474 1797 2516 κλιίε’(αι),
1822 2475 1921 2506 codd.
1944 2474 2079 2515 1112'(0),

260 2540 338 2571 pag.
364 2530 456 2570 236j
480 2534 513 2560 et
538 2530 553 2570 §
580 2530 654 2567 191,
679 2543 697 2559 α
723 2529 798 2566 338,
824 2530 885 2560 351
912 2542 929 2572 ρ
953 2528 1030 2560 418.
1190 2540 1206 2560 e
1231 2542 1246 2559 ν
1270 2528 1346 2559 299.
1496 2529 1528 2570 s
1553 2529 1627 2559 Nou
1652 2529 1718 2559 nisi
1745 2529 1780 2558 in
1804 2526 1885 2558 thesi
1910 2528 2079 2558 collocata

262 2589 315 2614 est
343 2584 477 2621 syllaba
508 2587 595 2618 κλιμ,
618 2583 679 2612 sed
699 2584 838 2619 κλεΐομαι
864 2591 930 2612 non
955 2585 1008 2613 est
1031 2581 1265 2618 scribendum,
1285 2583 1350 2612 hoo
1382 2582 1473 2612 enim
1493 2582 1528 2611 in
1556 2581 1675 2620 lingua
1692 2581 1833 2611 Homeri
1856 2581 1983 2617 κλέομαι
2005 2580 2080 2610 fleri

263 2646 328 2667 non
354 2639 500 2676 poterat,
525 2645 602 2675 pag.
629 2635 668 2664 65
684 2646 714 2665 n.
877 2646 899 2675 q
936 2635 952 2675 ξ
980 2632 1068 2665 149⁸.
1247 2634 1267 2664 Ιι
1301 2635 1419 2665 Solum
1443 2636 1544 2664 ἔννεον
1571 2637 1606 2664 Φ
1631 2633 1683 2673 11,
1709 2643 1727 2662 a
1751 2634 1940 2672 composito
1965 2633 2078 2663 ὒν-νέω.

263 2694 288 2720 A
314 2690 420 2720 verbo
446 2687 597 2727 simplici
629 2690 725 2718 fuere
763 2689 821 2726 qui
858 2691 1058 2725 repeterent
1092 2688 1228 2718 collatis
1252 2687 1356 2717 verbo
1392 2689 1591 2722 ἀπεννίζοντο
1625 2689 1659 2716 et
1692 2684 1875 2718 similibus,
1900 2693 1977 2724 pag.
2003 2684 2078 2716 100.

396 2742 408 2772 i
443 2754 455 2771 ε
481 2742 556 2777 344,
579 2740 655 2771 442.
793 2739 815 2779 j
840 2744 857 2770 1
887 2740 963 2777 418,
995 2740 1057 2769 685
1084 2753 1096 2770 ο
1123 2740 1188 2770 284
1213 2744 1237 2770 θ
1263 2739 1322 2769 501
1351 2752 1366 2769 ο
1390 2739 1432 2769 34
1457 2750 1478 2769 n
1506 2739 1581 2775 331,
1605 2738 1689 2774 368;
1716 2738 1842 2776 quibus
1866 2738 1951 2767 loeis
1975 2736 2078 2767 thesin

262 2795 397 2832 syllaba
420 2798 500 2824 πλοι-
526 2794 651 2833 explet.
786 2792 806 2821 k
836 2792 872 2821 A
899 2792 963 2822 312
989 2794 1031 2822 al.
1168 2792 1182 2822 l
1213 2795 1241 2822 Λ
1263 2791 1304 2822 22
1328 2805 1349 2829 μ
1374 2791 1426 2822 25.
1562 2802 1589 2821 m
1626 2794 1660 2820 Φ
1687 2790 1750 2820 302
1775 2803 1787 2820 ι
1818 2789 1882 2820 240
1905 2790 1937 2819 h.
1959 2789 2036 2819 XXI
2057 2788 2075 2820 7

263 2849 343 2878 Hes.
372 2848 473 2886 Oper.
502 2847 577 2875 634.
715 2856 733 2874 n
759 2857 776 2875 κ
801 2844 831 2874 3.
976 2854 994 2874 0
1018 2844 1034 2884 ξ
1061 2842 1165 2874 15032.
1302 2856 1326 2885 p
1350 2845 1464 2876 Unum
1489 2847 1670 2875 δπιπὶώσᾶσ
1698 2846 1727 2873 Γ
1746 2842 1799 2875 47.
1933 2852 1951 2882 q
1975 2842 2076 2879 Apud

263 2900 474 2930 Herodotum
488 2902 578 2928 πλώω
599 2898 634 2927 id
658 2897 750 2935 quod
772 2896 925 2927 Atticum
947 2898 1026 2927 πλέω
1047 2898 1148 2927 valet.
1162 2899 1212 2928 De
1226 2907 1343 2928 nouom
1361 2896 1467 2936 §190.
1602 2907 1619 2927 r
1642 2908 1658 2926 τ
1672 2895 1745 2927 122.
1881 2904 1896 2924 s
1917 2897 1944 2924 Β
1958 2894 2020 2923 536
2033 2894 2076 2923 al.

397 2954 408 2981 i
432 2955 460 2981 A
477 2950 537 2981 327
564 2964 577 2980 ι
601 2950 664 2980 469
685 2950 719 2980 h.
746 2951 808 2988 Ap.
834 2948 909 2979 231.
1055 2960 1075 2979 u
1109 2952 1138 2979 Κ
1158 2949 1225 2979 482
1251 2951 1293 2979 al.
1437 2959 1454 2979 v
1480 2948 1496 2989 §
1524 2946 1625 2979 150³5.
1760 2959 1785 2977 w
1811 2949 1836 2977 E
1859 2945 1921 2977 697
1945 2948 1981 2976 Ξ
2000 2945 2075 2976 436.

397 3013 417 3034 z
440 3003 456 3043 §
483 3002 585 3034 138¹9.
752 3002 776 3042 {j
812 3003 957 3033 Schulze
981 3003 1120 3038 Quaest.
1141 3004 1204 3041 Ep.
1226 3003 1289 3033 323
1313 3012 1364 3040 eq.
1538 3012 1554 3031 ,τ
1590 3002 1620 3031 Ω
1645 2999 1718 3034 377.
1894 3007 1912 3027 ε.
1948 3006 1975 3035 ψ
1999 2997 2075 3028 210.

395 3057 416 3086 b
445 3060 477 3086 ψ
496 3058 559 3086 440
585 3069 601 3086 κ
628 3055 704 3086 495.
841 3065 857 3085 c
896 3058 926 3085 Γ
954 3054 1016 3084 203
1043 3054 1098 3091 al„
1123 3065 1213 3094 pag..
1238 3055 1302 3085 290
1316 3065 1346 3094 q.
1482 3055 1502 3084 d
1539 3057 1573 3084 Ξ
1593 3053 1668 3083 249.
1803 3060 1820 3081 e
1860 3055 1883 3080 ο
1910 3050 1949 3079 10
1974 3063 1986 3080 ι
2010 3049 2074 3080 342

263 3111 278 3143 ζ
301 3107 376 3148 258,
396 3108 411 3147 ξ
436 3108 509 3138 209.
645 3109 660 3138 f
681 3110 791 3147 ῥιίοντι
812 3107 952 3138 Hesiod.
976 3108 1016 3136 fr.
1038 3106 1112 3136 263.
1246 3117 1267 3145 g
1303 3110 1330 3137 B
1356 3107 1419 3137 754
1444 3106 1505 3143 al.;
1530 3108 1686 3145 ῥεούμενοι
1704 3105 1794 3135 malo
1815 3113 1877 3143 pro
1897 3101 1955 3144 ῥε(ι
1973 3107 2077 3139 όμενοι

262 3163 294 3190 iu
319 3159 456 3191 oraculo
481 3161 641 3191 Herodot.
666 3161 729 3191 VII
756 3160 827 3190 140.
965 3160 986 3189 h
1012 3159 1027 3199 §
1058 3158 1159 3188 15022.
