2234 3443
185 187 208 233 ἓ
241 186 343 232 326]
798 198 853 226 DE
884 196 1080 225 NEGANDI
1112 194 1380 224 PARrrcums.
1909 181 1993 220 401

181 310 516 359 haudquaquam
546 307 750 350 sustinebo
775 311 984 358 adspicere
1003 309 1229 358 proprium
1251 309 1386 357 fitium
1412 309 1547 346 armis
1562 307 1834 346 decertantem
1851 307 2001 355 inepta

184 376 296 416 fiunt
336 378 373 416 si
414 376 462 416 οὔ
494 393 554 416 πω
586 378 630 416 in
663 378 759 417 aevi
791 378 1047 417 recentioris
1077 376 1341 426 particulam
1375 373 1488 414 οὔπω
1520 375 1614 413 sive
1641 375 1830 413 nondum
1861 375 1998 413 muta-

183 444 267 484 tur.
300 445 349 484 In
382 445 502 493 epica
534 445 723 484 dictione
754 446 868 483 inter
899 459 960 482 πω
992 446 1033 483 et
1065 454 1153 481 πωσ
1184 443 1226 482 id
1259 443 1373 490 quod
1406 443 1520 481 inter
1552 441 1654 480 οὕτω
1697 443 1740 480 et
1771 440 1913 491 οὕτωσ,
1945 434 2000 479 ὦσ
2065 450 2070 457 ·

184 512 228 550 et
265 505 392 550 ffi-esa
432 512 527 550 sive
567 512 675 550 nihil
716 513 894 550 omnino
925 512 1150 550 intererat.
1185 510 1309 548 Haud
1342 519 1427 548 uno
1459 510 1609 548 tamen
1639 509 1883 556 priscorum
1915 518 2002 547 car-

185 578 356 618 minum
387 579 481 618 loco
513 579 556 618 in
588 581 707 617 statu
737 579 960 618 nascentis
992 580 1059 617 est
1090 578 1208 616 notio
1240 577 1469 625 recentior,
1504 586 1571 614 ex.
1605 586 1690 624 gr.:

1119 642 1372 692 ἀταρτκροΐσι
1401 642 1569 696 ι)ῑε’ττεσσι

480 713 679 763 Ἀτρεΐδην
715 711 955 765 προσέρειπε
987 709 1050 749 καὶ
1085 706 1136 751 οὔ
1169 722 1237 751 πω
1267 707 1377 761 ’λῆγε
1409 710 1541 760 χόλοιο
1555 707 1586 759 b,

183 780 258 819 ubi
298 790 385 819 non
430 780 620 819 multum
667 779 934 818 discriminis
972 780 1039 817 est
1065 779 1200 817 int-er:
1235 788 1318 816 uon
1351 787 1453 816 sane
1483 774 1714 816 remittebat
1743 777 1797 816 ab
1830 775 1899 816 ira
1930 778 1996 816 et:

185 848 374 886 nondum
405 847 647 888 remittebat.

659 909 709 954 οὔ
736 925 804 954 πω
837 913 940 963 μάλα
971 912 1101 964 πάγχυ
1128 910 1219 951 θεοὶ
1250 912 1427 963 μάκαρεσ
1451 909 1645 960 κοτέουσι,

481 977 559 1020 ἀλλ’
594 981 647 1019 ’ἔτι
679 995 757 1020 που
790 979 889 1019 κτὲ.0

185 1059 269 1088 non
299 1060 399 1089 sane
429 1049 743 1088 stomachantur
772 1046 829 1096 ozi,
862 1048 931 1087 sed
961 1048 1097 1087 adhuc
1115 1077 1124 1087 .
1146 1077 1198 1096 ..‚
1233 1047 1305 1086 ubi
1337 1046 1575 1095 particulae
1596 1044 1650 1084 ἔτι
1671 1045 1807 1084 veluti
1833 1045 2002 1085 inclusa

186 1119 254 1156 est
280 1118 399 1156 notio
426 1118 644 1156 contraria
668 1117 871 1155 nondum.
899 1115 1151 1155 Cuiusmodi
1177 1115 1286 1154 locis
1311 1115 1490 1163 apparet
1515 1113 1731 1162 quomodo
1749 1114 1855 1153 haec
1882 1113 2000 1153 notio

186 1195 209 1224 e
241 1185 384 1233 prisca
414 1185 474 1222 sit
505 1186 623 1223 nata.

301 1318 344 1363 3.
386 1319 581 1368 Negandi
620 1320 833 1368 particula
873 1318 925 1367 μή
968 1318 1019 1357 ab
1062 1318 1252 1358 Homero
1295 1319 1338 1356 et
1369 1327 1395 1356 a
1426 1315 1614 1366 posteris
1644 1312 1871 1354 indicativo
1912 1325 1998 1354 non

185 1387 270 1426 nisi
314 1388 359 1425 in
405 1388 646 1426 enuntiatis
689 1383 1019 1436 hypotheticisd
1058 1387 1101 1424 et
1141 1385 1184 1423 in
1227 1384 1476 1432 rogantium
1517 1382 1692 1422 verbise
1721 1384 1789 1421 est
1820 1383 1998 1422 sociata.

185 1454 451 1502 Excipienda
490 1456 594 1492 sunt
634 1454 765 1494 verba
809 1451 1062 1502 iurantium,
1104 1453 1148 1491 in
1181 1452 1338 1500 quibus
1369 1450 1422 1500 μή
1455 1460 1553 1489 cum
1581 1450 1725 1499 futuro
1758 1471 1810 1478 —
1844 1449 1999 1499 quippe

187 1521 299 1569 quod
331 1531 353 1560 e
384 1520 661 1560 subiunctivo
692 1518 994 1570 procreveritf
1024 1543 1074 1548 —
1108 1521 1280 1569 poterat
1311 1518 1525 1566 coniungi,
1559 1527 1627 1556 ex,
1660 1527 1745 1565 gr.:

483 1584 547 1641 μὴ
579 1585 651 1637 μὲν
681 1584 772 1626 τοῖσ’
808 1587 991 1625 ἵπποισιν
1022 1585 1123 1636 ἀνὴρ
1156 1582 1432 1639 ἐποχήσεται
1463 1582 1626 1624 hissoae.

305 1720 348 1764 4.
381 1722 602 1762 Particula
647 1722 700 1772 μή
748 1733 773 1762 a
817 1723 1005 1772 posteris
1048 1718 1292 1770 imperativo
1334 1717 1482 1759 aoristt'
1518 1729 1602 1758 non
1635 1719 1703 1757 est
1732 1718 1895 1768 iuncta,
1925 1718 2001 1758 sed

188 1788 407 1836 epicorum
439 1789 683 1829 carminum
715 1790 822 1830 locis
853 1789 1077 1829 nonnullis
1108 1789 1150 1827 id
1183 1791 1251 1827 est
1281 1788 1463 1836 factum,
1491 1797 1559 1826 ex.
1594 1796 1681 1834 gr.:

484 1854 549 1910 μή
582 1871 648 1906 μοι
678 1855 853 1908 πατέρασ
884 1853 982 1896 ποθ’
1020 1855 1154 1907 ὅμοι’κι
1181 1852 1316 1895 ἔνθ-ΞΟ
1349 1859 1459 1904 τιμίῖι
1474 1850 1505 1892 Ῐῑ.

305 1991 347 2033 5.
381 1991 508 2030 Locis
553 1992 667 2031 haud
714 1992 864 2041 paucis
909 1991 962 2041 μή
1014 1993 1057 2031 id
1105 1992 1215 2040 quod
1264 1990 1330 2029 ἵνα
1377 1990 1430 2042 μή
1472 1992 1605 2033 valet.
1654 1992 1862 2033 Additum
1906 1996 1999 2034 tum·

188 2058 320 2097 habet
349 2056 659 2098 subiunctivum
684 2062 785 2108 post
815 2061 990 2109 tempus
1018 2060 1290 2108 primarium,
1331 2058 1560 2108 optativum
1587 2062 1687 2109 post
1718 2061 2002 2109 historicum3

187 2135 256 2164 ex.
293 2136 378 2174 gr.:

482 2194 606 2245 σίγαε,
639 2192 702 2247 μή
733 2205 792 2231 τισ
824 2191 868 2232 ἔτ’
905 2192 1024 2232 ἅλλοσ
1056 2197 1218 2244 Ἀχαιῶν
1251 2200 1393 2232 τοῦτον
1427 2190 1625 2247 ἀκούσηι
1654 2194 1660 2245 Ι
1690 2197 1827 2244 μῦθον
1840 2191 1864 2233 2⁴.

483 2259 543 2310 ἂψ
575 2259 612 2300 δ’
651 2261 799 2311 ἑτάρων
831 2261 890 2300 εἰσ
919 2260 1076 2314 ,ρέθνοσ
1110 2260 1259 2313 ἐχάζετο
1291 2258 1375 2312 κῆρ’
1412 2261 1615 2311 ἀλεείνων,

482 2330 654 2367 πάντοσε
684 2328 933 2378 παπταίνων,
968 2327 1033 2383 μή
1060 2340 1120 2367 τισ
1150 2328 1247 2380 χρόα
1278 2331 1423 2379 χαλκῶι
1456 2324 1646 2381 ἐπαύροι
1664 2325 1699 2368 j.

277 2495 296 2515 a
321 2483 337 2524 §
361 2487 436 2516 319.
649 2485 665 2515 b
692 2487 725 2515 A
751 2486 825 2515 22⁸.
1036 2494 1052 2514 c
1077 2486 1111 2515 Ξ
1134 2485 1195 2514 143
1221 2493 1273 2522 sq.
1472 2483 1495 2513 d
1519 2487 1545 2514 B
1569 2485 1631 2513 261
1661 2492 1748 2521 sqq„
1773 2485 1847 2518 302,
1872 2482 1935 2515 387
1960 2484 2004 2515 al.

320 2547 336 2568 e
359 2540 375 2573 ζ
400 2539 464 2569 200
489 2539 548 2574 al.;
575 2538 821 2568 annumerandi
841 2540 921 2567 eunt
940 2539 974 2567 A
996 2538 1058 2566 555
1080 2549 1092 2566 ε
1115 2536 1178 2567 300
1200 2548 1215 2565 ν
1236 2537 1299 2566 216
1321 2548 1343 2565 ω
1364 2537 1439 2571 491,
1459 2536 1519 2566 ubi
1539 2538 1734 2566 metuentes
1754 2537 1942 2574 loquuntur
1961 2536 2003 2566 de

188 2599 225 2620 re
249 2593 400 2628 peracta.
534 2591 556 2627 f
573 2593 654 2629 Pag.
681 2592 786 2630 2221).
917 2600 939 2630 9
960 2591 991 2619 K
1015 2591 1095 2626 330;
1118 2589 1245 2618 similia
1272 2593 1296 2618 0
1322 2589 1361 2618 41
1388 2591 1417 2618 T
1433 2589 1494 2619 261
1518 2591 1552 2618 et
1571 2588 1629 2619 hic
1646 2589 1717 2618 illic
1730 2589 1823 2627 apud
1835 2590 2004 2627 posteros,

190 2652 241 2672 ex.
264 2652 314 2680 gr.
338 2643 394 2673 Ar.
416 2643 497 2681 Lys.
521 2644 597 2673 907.
622 2643 777 2673 Praesens
799 2642 1024 2681 (perfectum)
1049 2643 1082 2672 h.
1106 2643 1212 2672 Mero.
1237 2642 1302 2672 275
1327 2651 1377 2679 sq.
1404 2643 1459 2672 Ar.
1484 2643 1544 2672 Av.
1571 2643 1646 2672 195.
1830 2640 1850 2670 lz
1875 2644 1903 2670 A
1927 2642 2004 2671 410.

189 2696 321 2726 Similia
346 2696 380 2732 (I
395 2695 472 2736 337)
499 2700 533 2726 Π
549 2695 612 2726 200
640 2700 666 2726 Σ
685 2698 746 2726 134
772 2706 794 2724 n
809 2697 870 2726 301
896 2707 919 2725 ω
933 2696 996 2725 248
1022 2697 1056 2725 et
1081 2694 1137 2724 hic
1160 2695 1231 2724 illic
1256 2695 1347 2733 apud
1367 2697 1488 2733 poetas
1508 2697 1677 2733 posteros,
1697 2695 1754 2724 Ar.
1775 2693 1912 2723 Thesm.
1928 2694 2003 2724 870.

322 2748 464 2779 2⁴:790.
638 2748 654 2786 j
680 2752 711 2777 N
731 2750 794 2779 648
819 2757 869 2786 sq.

264 3195 333 3223 Van
353 3194 523 3222 Leeuwen.
541 3193 778 3222 Euchiridium.
1856 3194 1892 3221 26
