2234 3443
120 204 144 249 5
175 201 247 245 40]
871 208 924 235 DE
958 205 1177 234 consoms.
1854 188 1935 227 121

119 323 256 363 senile
283 325 375 362 erat
400 323 636 362 ludibrium
663 325 759 362 viri·
776 324 892 362 acuti
919 321 1094 370 quidem
1122 321 1165 357 et
1190 318 1375 366 sagacis,
1403 317 1479 355 sed
1496 316 1595 355 huic
1612 314 1730 362 operi
1747 312 1941 360 imparis.

237 390 306 429 Sic
332 390 501 439 lumini,
530 391 642 437 quod
669 391 892 430 Bentleius
920 387 1191 434 accenderat,
1215 386 1364 424 fumus
1382 384 1730 422 commentorum
1747 379 1943 418 inanium

119 458 494 507 praetendebatur,
532 460 576 496 et
608 459 645 496 is
687 459 760 506 qui
798 460 897 506 post
939 456 1022 493 tria
1063 454 1204 492 lustra
1231 462 1360 499 quam
1395 450 1555 498 Heynii
1587 449 1690 487 Ilias
1724 448 1768 485 in
1800 446 1942 484 lucem

121 528 189 564 est
235 525 398 564 emissa
441 525 601 563 librum
663 526 857 573 spissum
901 523 952 562 de
993 531 1123 560 versu
1166 519 1338 558 heroico
1381 517 1653 565 conscripsit,
1687 513 1947 553 Franciscus

122 593 364 641 Spitznera,
417 602 516 630 cum
568 602 670 630 vera
721 602 745 630 a
795 591 920 630 falsis
970 589 1216 627 discernere
1271 586 1474 633 nesciret,
1530 585 1780 633 „digamma
1832 580 1944 618 litte-

125 655 277 708 „ramb
324 658 512 697 Homero
559 659 841 707 incognitam,
889 658 1057 695 hiatum
1106 664 1208 692 vero
1241 664 1322 692 usu
1355 652 1658 690 vetustissimo
1696 659 1781 687 non
1819 648 1946 684 inter·

126 726 317 778 „dictum
362 725 529 764 fuisse‘'
576 727 776 777 statuite,
826 747 878 752 —-
921 722 1140 772 quoslibet
1181 720 1386 759 videlicet
1427 719 1575 757 hiatus
1606 725 1824 764 nusquam
1862 723 1947 752 non

122 793 322 831 ferendos
363 790 486 831 ratus
527 794 623 832 ideo
656 793 766 841 quod
800 793 932 831 certis
963 790 1222 838 quibusdam
1255 787 1505 826 hexametri
1537 785 1714 824 sedibus
1745 783 1893 821 hiatus
1926 790 1951 819 a

123 860 278 908 priscis
311 861 451 908 poetis
482 861 703 899 admissos
736 870 833 898 esse
865 860 1078 898 senserat.
1112 857 1265 904 Itaque
1297 855 1410 894 οἴνου
1442 853 1644 904 παρόντοσ
1669 849 1760 897 ὄξοσ
1787 847 1948 899 ἠράσθη

123 929 241 977 πιεῖν,
282 930 326 966 et
366 928 495 966 multi
537 938 636 966 cum
681 938 730 966 eo
772 927 981 965 fecerunt.
1014 925 1164 963 Denuo
1197 925 1239 962 in
1274 934 1318 962 re
1351 922 1536 961 metrica
1568 921 1665 970 χάοσ
1696 912 1747 968 ἦν
1778 915 1845 955 καὶ
1877 914 1951 960 νὺξ

123 993 262 1045 ἕρεβόσ
292 1009 330 1033 τε
361 994 506 1043 μέλανι
539 995 762 1044 sepultum
796 995 964 1033 iacebat
997 992 1168 1031 Bentlei
1200 991 1307 1030 illud
1342 988 1648 1038 „ludibrium”.

214 1051 301 1100 ‘At
342 1072 502 1110 magna
533 1067 601 1101 est
634 1063 700 1100 vis
732 1062 957 1108 veritatis;
992 1070 1078 1099 non
1111 1061 1335 1098 intereunt
1372 1057 1542 1096 semina
1582 1055 1742 1102 frigore
1772 1052 1951 1090 hiberno

124 1129 354 1178 torpentia,
385 1130 460 1168 sed
492 1130 658 1168 favonii
691 1130 814 1168 verni
847 1130 986 1168 vicem
1021 1129 1271 1175 expectant.

244 1195 409 1244 Viginti
440 1197 567 1235 annis
597 1200 696 1246 post
728 1197 991 1244 Knightium
1026 1195 1207 1233 Iliadem
1237 1193 1362 1241 signo
1388 1207 1417 1243 J:
1442 1192 1704 1230 instructam
1734 1188 1774 1226 in
1809 1187 1952 1225 lucem

125 1263 249 1301 misit
278 1263 472 1303 Thomas
504 1265 634 1303 Shaw
666 1265 908 1303 Brandreth
922 1261 954 1311 d,
983 1263 1145 1302 mentis
1172 1263 1373 1300 acumine
1401 1259 1610 1307 Knightio
1638 1256 1751 1295 haud
1779 1253 1955 1293 inferior

124 1330 384 1380 philologus,
426 1333 655 1380 prudentia
696 1335 844 1370 autem
888 1331 1084 1380 superior
1125 1333 1168 1368 et
1198 1329 1317 1367 illius
1349 1327 1567 1366 erroribus
1599 1324 1765 1364 cautior
1796 1322 1954 1361 sactus,

128 1396 243 1446 Quae
285 1399 415 1438 editio
457 1402 574 1438 sorte
615 1402 764 1448 iniqua
806 1410 884 1438 usa
926 1409 1010 1438 non
1044 1399 1129 1437 nisi
1160 1399 1202 1436 in
1236 1396 1602 1445 paucissimorum
1635 1391 1953 1441 philologorum

128 1474 288 1504 manus
319 1467 545 1514 pervenite
575 1470 618 1506 et
650 1478 753 1505 mox
788 1468 831 1505 in
862 1466 1127 1505 oblivionem
1162 1462 1310 1503 abiitf.

247 1533 400 1572 Melius
447 1534 613 1582 aliquot
659 1535 786 1572 annis
828 1536 925 1582 post
968 1533 1102 1572 cessit
1141 1542 1212 1570 res
1253 1529 1518 1569 Iinmanueli
1558 1528 1767 1575 Bekkero,
1809 1522 1956 1563 Wolfii

129 1599 356 1648 discipulo.
389 1601 570 1640 Iliadem
607 1604 708 1640 ante
741 1611 879 1639 annos
905 1600 1152 1648 quindecim
1185 1610 1209 1636 a
1237 1608 1283 1636 se
1311 1598 1472 1635 editam
1500 1605 1598 1634 cum
1626 1592 1958 1641 recognosceret

128 1668 299 1707 Bekker
329 1679 415 1708 una
447 1680 546 1708 cum
580 1669 776 1717 Odyssea
810 1669 1034 1716 edendam,
1073 1667 1323 1715 „digamma
1349 1664 1524 1703 reduxit
1551 1663 1762 1711 quantum
1791 1660 1959 1708 poterat

130 1737 173 1774 et
204 1735 438 1784 licebat”9,
472 1736 552 1775 sub
587 1738 704 1775 vitae
736 1735 868 1774 finem
901 1735 1091 1783 vestigia
1132 1734 1282 1782 legens
1325 1732 1485 1779 Heynii
1525 1730 1656 1778 illius,
1702 1728 1770 1767 cui
1811 1726 1958 1765 adver-

129 1804 255 1842 satus
283 1803 426 1842 fuerat
457 1804 645 1843 iuvenis.
678 1804 732 1842 Et
762 1803 862 1842 licet
887 1813 974 1841 non
1001 1802 1053 1840 ab
1082 1801 1200 1840 omni
1227 1802 1350 1849 parte
1377 1798 1644 1848 probabilem
1672 1795 1886 1834 rationem
1915 1793 1958 1830 in

131 1880 239 1909 sono
268 1885 298 1922 f
330 1872 600 1910 restituendo
632 1872 794 1918 inierit,
830 1893 881 1900 -—
915 1869 1041 1908 nihili
1074 1869 1189 1908 enim
1222 1868 1389 1906 formas
1420 1864 1640 1914 ἐφήνδανε,
1668 1862 1826 1915 ἐζροργα,
1850 1860 1960 1899 alias

131 1937 408 1976 excudendas
454 1939 624 1976 curavit
670 1934 964 1986 compluresh,
1015 1959 1066 1964 -
1115 1935 1306 1974 multum
1346 1936 1496 1972 tamen
1533 1934 1602 1971 est
1632 1931 1875 1969 assecutus.
1910 1927 1959 1965 In

132 2014 236 2044 suas
266 2005 393 2044 sedes
437 2006 618 2044 reducta
649 2006 737 2044 iam
766 2006 861 2044 erat
892 2004 1127 2053 „Aeolica”
1154 2002 1230 2041 illa
1257 2001 1418 2048 littera,
1448 2009 1534 2038 non
1559 1999 1755 2046 relegata
1770 1997 1814 2034 in
1831 1996 1960 2033 notas

133 2071 322 2121 criticas,
370 2075 419 2111 ut
464 2073 568 2112 olim
617 2073 669 2111 ab
718 2073 911 2121 Heynio;
954 2071 1133 2110 reducta
1174 2072 1268 2108 erat
1308 2080 1330 2108 e
1362 2069 1491 2116 longo
1524 2066 1654 2105 exilio
1686 2075 1710 2103 a
1742 2062 1960 2112 philologo

133 2139 391 2178 doctissimo
424 2141 779 2188 cautissimoque.

249 2204 429 2246 Interim
464 2209 732 2257 comparatio
763 2208 1012 2256 linguarum
1045 2207 1329 2253 cognatarum
1359 2206 1403 2242 et
1430 2202 1662 2242 emendata
1689 2200 1797 2239 artis
1821 2207 1962 2246 gram-

133 2274 322 2313 maticae
348 2275 459 2314 ratio
485 2276 602 2314 hunc
628 2286 798 2323 quoque
824 2275 968 2314 locum
999 2283 1114 2312 nova
1140 2272 1236 2311 luce
1263 2272 1555 2310 illustrarunt.
1573 2268 1757 2308 Dialecti
1775 2266 1964 2305 Graecae

135 2339 293 2379 melius
333 2341 617 2382 innotuerunt
658 2354 711 2382 ex
753 2342 1111 2392 inscriptionibus
1143 2340 1293 2379 sedulo
1326 2338 1524 2378 collectis
1556 2339 1600 2376 et
1630 2333 1965 2385 pervestigatis;

136 2407 392 2458 Buttmann,
424 2410 609 2460 Ahrens,
643 2410 832 2459 Curtius,
867 2411 942 2450 alii
967 2410 1099 2448 libros
1126 2418 1229 2447 suos
1255 2407 1537 2456 scripserunt,
1565 2406 1616 2444 de
1642 2403 1738 2442 soni
1764 2403 1911 2440 autem
1929 2414 1958 2451 s

137 2475 182 2514 in
229 2476 363 2525 epicis
408 2479 675 2518 carminibus
716 2489 798 2518 usu
838 2478 1038 2517 maxima
1074 2486 1178 2516 cura
1208 2476 1489 2524 disputarunt
1520 2472 1701 2512 Carolus
1733 2470 1961 2518 Augustus

138 2542 276 2582 Iulius
307 2543 570 2584 Hoffmanni
600 2549 643 2585 et
675 2557 780 2585 mox
810 2543 922 2585 aliij.

229 2692 249 2712 a
271 2684 368 2712 Anno
393 2684 490 2714 1816.
625 2684 641 2714 b
667 2683 878 2720 „Litteram”
902 2682 1045 2718 scilicet,
1071 2680 1171 2721 quasi
1196 2680 1264 2711 arti
1286 2679 1535 2719 grammaticae
1561 2688 1640 2708 cum
1664 2678 1790 2707 litteris
1810 2678 1843 2705 et
1856 2675 1958 2704 libro-

139 2743 215 2764 rum
249 2736 507 2774 exemplaribus
530 2745 585 2766 res
607 2741 711 2772 esset,
734 2746 801 2767 non
826 2746 902 2766 cum
926 2736 1045 2774 lingua
1070 2736 1104 2764 in
1127 2743 1185 2764 ore
1208 2735 1388 2764 hominum
1412 2732 1552 2762 viventi.
1578 2732 1673 2767 Quae
1697 2729 1790 2759 haud
1813 2729 1960 2757 innocua

141 2790 192 2815 est
220 2787 384 2825 loquendi
414 2789 648 2826 neglegentia:
683 2790 770 2819 latet
800 2789 923 2826 anguis
952 2789 986 2817 in
1009 2787 1116 2817 herba
1140 2787 1201 2825 (cf.
1225 2795 1302 2825 pag.
1330 2787 1392 2816 124
1404 2785 1446 2823 c).
1470 2786 1556 2816 Nam
1582 2783 1694 2813 littera
1717 2781 1890 2818 digamma
1918 2795 1959 2799 —

141 2843 182 2868 ut
206 2842 240 2869 et
270 2843 406 2870 ceterae
437 2842 574 2872 litterae
605 2859 648 2863 —
680 2843 797 2879 ignota
829 2850 965 2880 semper
996 2841 1062 2870 fuit
1084 2838 1281 2870 hominibus
1303 2838 1477 2869 illiteratis
1500 2836 1673 2875 plurimis,
1699 2834 1760 2871 qui
1779 2841 1856 2862 sono
1878 2842 1902 2869 f
1924 2829 1960 2859 in

140 2890 290 2922 dictione
321 2901 383 2922 sua
406 2894 611 2932 saepissime
634 2894 831 2924 utebantur.
965 2903 982 2923 o
1005 2894 1116 2931 Supra
1138 2901 1216 2930 pag.
1242 2893 1326 2931 86]).
1462 2889 1484 2919 d
1503 2891 1635 2929 Όμηρον
1660 2885 1778 2922 Ειὶιασ,
1802 2883 1962 2918 Londini,

143 2943 183 2973 G.
213 2945 405 2983 Pickering,
432 2948 529 2976 1841.
664 2956 680 2976 e
702 2946 836 2976 Bekker
862 2948 896 2976 et
918 2946 1036 2976 Nauck
1059 2954 1099 2975 ea
1122 2944 1178 2974 usi
1200 2954 1276 2974 esse
1298 2944 1468 2978 videntur,
1490 2942 1571 2971 licet
1594 2938 1815 2970 Brandrethii
1836 2945 1962 2966 nomen

144 2996 235 3035 apud
268 3006 326 3027 eos
357 3007 424 3028 non
453 2999 657 3029 inveniatur.
823 2998 847 3035 f
873 2999 911 3027 A.
944 2997 1045 3033 PIatt,
1073 2996 1238 3027 Classical
1261 2996 1396 3026 Review
1423 2996 1520 3025 1893.
1694 3002 1715 3031 9
1740 2992 1837 3021 Anno
1863 2990 1961 3019 1858.

276 3049 296 3079 k
323 3051 360 3081 A.
385 3052 533 3082 Leskien
557 3052 599 3081 de
625 3052 757 3081 ratione
782 3053 846 3080 etc.
873 3052 971 3081 1866.
1105 3049 1118 3080 i
1141 3050 1280 3086 Quaest.
1300 3049 1400 3078 Hom.
1419 3047 1464 3082 ΙΙ,
1488 3048 1572 3077 1848
1592 3043 1961 3085 (volumenIseptimo

143 3109 230 3132 anno
264 3106 344 3133 ante
379 3108 453 3134 erat
487 3104 643 3141 editum).
791 3103 812 3143 j
840 3104 1046 3141 Savelsberg
1073 3103 1115 3132 de
1146 3102 1319 3140 digammo
1358 3102 1501 3138 eiusque
1523 3096 1823 3129 immutationibus
1846 3103 1963 3134 progr.

146 3154 351 3193 aquisgrani
383 3157 467 3187 1854
497 3156 636 3198 (iterum
665 3156 818 3187 Berolini
850 3155 962 3196 1868),
985 3156 1078 3186 Kn'os
1102 3155 1144 3185 de
1169 3155 1340 3192 digammo
1365 3153 1547 3183 Homerico
1572 3151 1792 3190 quaestiones
1813 3148 1962 3188 Upsaiae
