2234 3443
187 203 210 247 ἓ
241 200 342 246 328]
774 209 828 237 DE
858 208 1114 237 PARrrcums
1145 207 1421 236 EMPHATicis.
1910 197 1996 236 413

184 327 258 361 θεν
286 324 403 362 enim
432 324 547 372 abiit,
576 322 890 372 particularum
917 322 1045 371 δῆθεν
1073 324 1116 360 et
1142 321 1352 370 δήπουθεν
1379 321 1495 360 facta
1512 331 1612 369 pars
1629 320 1815 360 finalisa.
1836 321 1999 370 Quibus

183 391 392 430 ironicam
427 401 525 430 eam
553 391 644 429 vim
671 390 929 439 impertivit,
968 399 1077 437 quae
1109 389 1192 437 ipsi
1224 390 1319 427 erat
1350 390 1538 437 propria.
1572 389 1642 428 Sic
1673 383 1751 437 μὰν
1778 390 1871 428 sive
1889 388 1997 438 μήιιό

185 458 229 497 in
262 459 333 507 μὲν
365 459 483 507 abiit,
517 457 567 507 δή
599 459 641 496 in
675 456 730 505 δέ,
760 451 812 495 αὖ
844 457 887 495 in
917 451 959 493 δ’τ-
991 455 1131 505 (ἀτάρ),
1168 453 1237 505 ἠδέ
1270 456 1312 494 in
1347 453 1419 494 ἰδέ.

304 524 347 567 5.
396 525 513 574 Quod
559 525 766 564 ultimum
806 525 969 563 dictum
1014 526 1092 571 est,
1138 523 1345 562 biformes
1376 523 1612 571 particulas
1642 533 1739 562 esse
1770 521 1998 573 μήν-μέν,

188 591 354 640 δή-δέ,
389 593 430 631 id
463 593 643 632 Homeri
667 592 926 641 praesertim
958 591 1191 629 dictionem
1225 591 1450 638 artemque
1482 591 1712 629 metricam
1744 600 2001 639 cognoscere

186 660 460 708 cupientibus
500 661 612 699 scitu
654 661 721 698 est
751 659 871 698 utile.
905 658 1016 697 Nam
1048 660 1201 707 postea
1233 658 1408 705 quidem
1440 657 1620 696 voculae
1651 657 1730 706 μήν
1762 659 1805 696 et
1835 656 1920 706 μέν,
1950 657 2000 706 δή

186 728 230 765 et
256 725 298 763 δέ
322 736 408 766 non
430 726 568 776 figura
598 727 739 766 solum
771 726 846 765 sed
875 726 1007 764 etiam
1033 726 1076 764 vi
1108 727 1150 764 et
1180 735 1259 763 usu
1287 727 1389 763 sunt
1422 725 1649 773 discretae,
1682 725 1726 763 in
1753 725 1874 773 epica
1897 735 2000 764 vero

186 793 337 841 lingua
381 805 466 833 non
514 795 599 833 nisi
645 795 750 833 illud
796 794 1094 832 intercedebat
1139 793 1375 832 discrimen
1418 793 1530 840 quod
1563 795 1631 831 est
1661 793 1775 832 inter
1807 793 2001 841 syllabas

186 860 340 908 longas
380 863 423 900 et
463 862 630 910 breves,
667 862 784 900 arsin
817 863 860 900 et
890 861 1050 899 thesin.
1084 860 1238 908 Itaque
1270 853 1294 909 ἦ
1328 858 1413 908 μέν,
1444 858 1491 898 οὐ
1523 858 1608 908 μέν,
1639 858 1692 909 μὴ
1724 858 1810 909 μέν,
1839 860 2002 899 similia

187 929 232 966 in
273 929 538 967 carminibus
578 929 712 977 epicis
743 929 856 967 haud
888 939 989 967 rara
1019 931 1135 976 sunt,
1170 930 1213 966 et
1245 926 1286 966 δέ
1313 938 1443 976 saepe
1475 928 1516 966 id
1549 928 1660 975 quod
1689 927 1738 977 δή
1770 928 1901 976 valet,
1934 937 2002 966 ex,

187 1005 249 1043 gr.
282 1006 382 1034 cum
413 997 626 1035 orationis
657 997 886 1035 exordium
920 996 988 1034 his
1017 996 1161 1034 verbis
1194 995 1262 1033 fit:
1296 994 1349 1044 μὴ
1383 991 1420 1032 ὸ’
1458 994 1586 1033 οὕτωσ
1618 993 1831 1033 ...κλέπτε
1862 995 2001 1044 mimo,

189 1061 258 1100 vel
290 1072 387 1101 cum
422 1061 464 1100 δέ
495 1064 702 1112 apodosin
732 1064 883 1112 aperit,
918 1073 986 1102 ex.
1015 1073 1097 1111 gr.:
1137 1062 1288 1100 εἴποτέ
1315 1077 1373 1099 τοι
1398 1060 1470 1100 κτὲ.
1489 1093 1496 1100 .
1515 1092 1522 1099 .
1542 1092 1548 1099 .
1567 1061 1635 1107 ,τὸ
1664 1061 1706 1100 δέ
1730 1077 1796 1111 μοι
1822 1063 2002 1111 uotiuum}
2043 1060 2045 1062 ’

187 1126 399 1180 {pil-6⁰⁰9&
435 1130 520 1169 vel:
554 1125 628 1168 »ἷοσ
655 1127 676 1168 ὃ
707 1127 830 1168 ταῦθ’
867 1129 1146 1178 ὥρμαινε...,
1181 1123 1281 1179 ἦλθε
1315 1125 1349 1166 δ’
1385 1130 1575 1168 afflatuue.
1610 1128 1864 1169 Cuiusmodi
1895 1130 2003 1169 locis

186 1197 224 1235 si
256 1195 298 1234 δέ
326 1198 369 1236 111
402 1197 450 1246 δή
485 1200 692 1246 mutatur,
726 1200 914 1236 metrum
948 1198 1121 1245 quidem
1150 1198 1250 1245 ruit,
1285 1197 1359 1235 sed
1387 1197 1559 1244 integra
1587 1199 1736 1236 manet
1768 1197 2002 1236 sententia.

186 1264 326 1302 Etiam
359 1265 568 1303 orationis
594 1266 789 1315 partibus
821 1266 865 1304 in
890 1266 1129 1314 parenthesi
1160 1265 1426 1314 proferendis
1459 1267 1560 1314 apta
1592 1265 1726 1313 igitur
1752 1266 1843 1304 erat
1874 1266 2002 1315 parti·

187 1330 286 1370 cula
318 1330 367 1380 δή
399 1331 492 1371 sive
521 1331 577 1381 δέ,
611 1343 678 1372 ex.
712 1345 796 1381 gin:

485 1405 632 1438 νοῦσον
663 1398 741 1437 ἀνὰ
774 1399 938 1448 στρατὸν
967 1394 1065 1448 ὦρσε
1091 1401 1233 1448 namin,
1253 1422 1304 1427 —-
1324 1397 1503 1438 ὀλέκοντο
1534 1397 1582 1439 δὲ
1607 1400 1707 1449 λαοί,
1725 1422 1782 1427 —

482 1465 629 1504 οὕνεκα
661 1466 729 1504 τὸν
761 1466 929 1516 Χρύσην
964 1464 1154 1515 ἠτίμασεν
1185 1464 1409 1516 ἄρκτῆραῖ,

188 1542 297 1580 quae
327 1534 591 1581 paratactice
622 1535 766 1583 potius
798 1535 860 1573 sic
892 1537 995 1573 sunt
1026 1535 1196 1573 iuncta:
1232 1534 1428 1573 morbum
1459 1534 1573 1573 civit.-
1600 1535 1738 1583 perire
1766 1535 1850 1574 iam
1876 1546 2002 1585 coepe-

187 1602 288 1638 runt
317 1600 475 1648 milites,
509 1611 640 1649 quam
674 1603 934 1650 syntactice.

305 1665 346 1708 6.
380 1661 423 1707 εἶ
450 1669 551 1720 quin
584 1669 949 1718 praemittebatur
979 1669 1263 1717 imperativo:
1298 1663 1334 1705 εἶ
1369 1663 1403 1705 ὁ’
1441 1665 1537 1718 ἅγεθ
1563 1668 1631 1707 vel
1658 1664 1862 1719 &72121522
1885 1667 2005 1708 δὲ...

186 1733 397 1774 ἄκουσονί.
429 1735 479 1774 Ι11
511 1736 755 1775 cuiusmodi
785 1736 1077 1775 locutionibus
1109 1735 1350 1784 particulae
1380 1734 1422 1773 δέ
1454 1736 1546 1775 sive
1580 1735 1628 1784 δή
1661 1737 1883 1776 hortativa
1914 1742 2008 1777 erat

189 1802 269 1851 vis,
302 1804 350 1841 ut
381 1803 510 1842 modo
543 1805 610 1842 est
641 1804 946 1851 observatum;
979 1798 1015 1840 εἴ
1043 1806 1192 1842 autem
1224 1803 1471 1841 interiectio
1498 1807 1650 1853 postea
1673 1813 1781 1842 sono
1808 1820 1852 1841 -α
1878 1808 2006 1844 aucta

188 1870 233 1908 in
275 1869 436 1918 linguis
478 1870 642 1910 Graeca
682 1874 726 1909 et
766 1871 921 1909 Latina
952 1871 1212 1920 permansit,
1247 1872 1290 1909 et
1322 1870 1447 1909 facile
1480 1871 1550 1909 hic
1582 1871 1831 1919 agnoscitur
1862 1873 2010 1920 primi-

189 1937 282 1975 tiva
322 1938 452 1976 huius
492 1938 732 1987 particulae
773 1933 835 1985 (εἶ,
877 1937 922 1986 εἰ,
963 1937 1023 1983 οἴ)
1066 1932 1181 1977 viss'.
1225 1938 1377 1985 Itaque
1419 1948 1504 1977 non
1539 1940 1607 1976 est
1640 1938 1758 1976 iusta
1790 1948 1922 1978 causa
1953 1940 2006 1979 ob

188 2014 321 2052 quam
361 2005 534 2044 litterae
575 2006 761 2044 traditae
804 2005 839 2043 εἰ
878 2001 914 2043 d’
955 2003 1094 2056 c'c'yzsts)
1127 2007 1171 2043 et
1207 2005 1242 2042 εἰ
1272 2005 1315 2042 δέ
1346 2005 1454 2044 locis
1485 2005 1678 2044 laudatis
1708 2006 1752 2044 in
1785 2001 1833 2043 εἶ’
1869 2005 2008 2058 c’z'yestz)

189 2073 232 2110 et
263 2067 322 2109 εἶα
353 2075 576 2112 mutentur
590 2070 623 2122 k,
652 2073 755 2112 licet
785 2073 1043 2112 Theocritus
1071 2075 1113 2111 et
1142 2072 1358 2120 Vergilius
1386 2073 1597 2111 dixerint:
1626 2068 1672 2110 εἶ’
1704 2070 1774 2123 ἄγε
1804 2072 2004 2124 Θεστυλίῐ,

189 2133 249 2176 εἶα
280 2134 352 2189 λέγ’
388 2138 428 2177 εἴ
457 2155 491 2177 τι
521 2139 646 2191 λέγεισ
660 2148 702 2188 ⁷²²,
736 2140 799 2178 eia
832 2151 906 2188 aye
920 2148 953 2179 ⁷².

310 2204 352 2250 7.
400 2208 457 2246 τῆ
502 2218 596 2254 ecce,
644 2219 694 2246 en
735 2208 912 2256 accipeo.
958 2208 994 2245 A
1035 2208 1172 2256 stirpe
1203 2207 1476 2256 pronominis
1508 2207 1846 2247 demonstrativi
1877 2209 2007 2248 ducta

190 2273 297 2312 haec
328 2276 573 2322 particular
602 2278 754 2324 postea
786 2276 898 2313 vixit
929 2276 972 2313 in
1006 2275 1191 2314 dialecto
1225 2274 1445 2323 Cypricaq.

309 2340 351 2382 8.
387 2340 518 2381 πόποι
549 2354 633 2382 rae.
667 2343 996 2381 Admirantium
1029 2344 1137 2382 haec
1172 2353 1272 2391 vox,
1317 2352 1429 2390 quae
1468 2345 1606 2380 παπαῖ
1635 2344 1782 2382 sonuit
1807 2344 2008 2393 posteris,

189 2407 232 2445 in
285 2410 552 2449 carminibus
595 2411 729 2459 epicis
769 2420 854 2449 non
891 2411 975 2449 nisi
1008 2411 1249 2459 praemisso
1282 2409 1311 2447 ὥ
1344 2412 1412 2448 est
1443 2412 1666 2458 usurpata,
1700 2409 1826 2448 initio
1859 2411 2003 2447 autem

189 2475 399 2514 orationis
430 2477 632 2516 collocari
667 2477 750 2516 fuit
780 2477 951 2517 solitar.
984 2479 1101 2516 Inter
1132 2479 1302 2516 veteres
1328 2476 1507 2515 fuerunt
1539 2478 1611 2524 qui
1642 2477 1871 2516 vocativum
1901 2477 2009 2514 dice·

277 2632 297 2652 a
323 2623 574 2658 Homonymum
598 2627 672 2653 -θεν
697 2622 864 2661 originem
885 2623 1039 2653 indicans
1065 2622 1147 2662 547.
1276 2622 1292 2652 b
1316 2622 1396 2661 Pag.
1412 2624 1494 2653 5712.
1615 2632 1632 2653 c
1656 2625 1690 2652 A
1705 2624 1786 2658 131;
1814 2623 2007 2653 cuiusmodi

190 2675 276 2705 locis
299 2676 336 2712 δή
364 2677 468 2705 scribi
491 2684 557 2706 non
581 2673 664 2706 sinit
687 2685 742 2705 ars
767 2677 925 2713 metrica3
950 2685 1028 2714 pag.
1051 2678 1091 2706 69
1106 2678 1129 2705 t.
1252 2674 1276 2705 d
1297 2677 1330 2705 Α
1356 2677 1499 2705 39—41.
1622 2684 1638 2705 e
1663 2677 1696 2705 A
1722 2677 1784 2705 193
1809 2684 1877 2713 sq.;
1902 2677 2006 2706 etiam

191 2731 243 2757 καί
267 2730 301 2757 et
320 2729 425 2758 ἔπειτα
445 2729 544 2759 initio
567 2728 759 2767 apodoseos
781 2728 830 2758 sie
854 2732 1044 2767 usurpatae
1067 2729 1298 2763 inveniuntur,
1323 2737 1374 2758 ex.
1398 2737 1464 2766 gin:
1491 2730 1525 2757 A
1549 2726 1613 2760 477
1638 2737 1689 2766 sq.
1714 2725 1838 2766 ἦμοσδ·
1859 2728 2007 2768 ἠριγέιεια

188 2780 283 2820 ’φάνη
317 2781 548 2819 ροδοδάκτυλοσ
574 2782 673 2818 Ἠώσ,
694 2780 699 2820 Ι
721 2782 772 2811 καὶ
804 2782 870 2810 τότ’
899 2782 990 2810 ἔπειτ’
1017 2783 1177 2819 ἀνάγοντο.
1357 2781 1380 2817 f
1402 2783 1434 2810 A
1462 2783 1501 2810 10
1527 2790 1577 2818 sq.
1751 2790 1774 2820 q
1810 2782 1844 2810 A
1869 2781 1933 2810 302
1955 2789 2006 2818 sq.

323 2832 344 2862 Ῑι
366 2836 401 2862 Χ
418 2835 492 2863 381.
628 2834 640 2863 i
663 2837 682 2863 Ι
703 2835 777 2863 262.
804 2837 822 2863 Ι
844 2835 885 2863 46
912 2842 992 2863 vero
1015 2837 1117 2872 poeta
1139 2843 1207 2863 non
1231 2830 1259 2862 εἷ
1280 2834 1312 2863 δὲ
1332 2834 1382 2862 καὶ
1395 2835 1483 2862 αὐτοὶ
1505 2831 1509 2870 Ι
1530 2834 1704 2871 φευγόντων
1717 2833 1853 2863 videtur
1866 2831 2008 2869 dixisse,

191 2885 268 2916 sed:
295 2887 321 2915 εἰ
342 2885 376 2915 δὲ
399 2887 449 2916 καὶ
472 2888 561 2916 αὐτοί
583 2886 713 2924 (mente
737 2886 831 2916 add.:
856 2886 1002 2926 fuyiturz'
1023 2887 1122 2923 sunt),
1147 2888 1333 2926 φευγόντων.
1479 2885 1500 2925 j
1532 2885 1548 2924 §
1577 2887 1641 2915 326
1667 2883 1720 2917 A¹.
1745 2886 1891 2921 Quidam
1914 2886 2007 2924 apud

192 2938 288 2968 Eust.
313 2940 423 2968 recte:
447 2940 475 2967 εἰ
497 2938 529 2967 δ’
555 2938 610 2975 ἄγε
632 2940 701 2968 ἀντὶ
727 2943 782 2968 τοῦ
805 2934 851 2967 εἶα
875 2939 912 2976 δὴ
930 2939 985 2976 ἄγε
1011 2939 1085 2975 107,
1112 2940 1169 2974 18;
1196 2940 1292 2979 1080,
1315 2939 1375 2974 63;
1403 2938 1499 2975 1416,
1524 2939 1582 2973 393
1610 2939 1708 2974 1519,
1732 2939 1783 2968 30.
1921 2937 2008 2968 kSic

191 2991 336 3028 Bentley
358 2990 415 3026 (ad
437 2995 465 3020 Z
490 2991 582 3028 376);
607 2991 689 3020 item
713 2991 842 3026 Nauck,
864 2989 1034 3029 Gomperz
1059 2991 1184 3020 Herod.
1209 2991 1353 3020 Studien
1381 2991 1477 3025 1883,
1503 2990 1571 3019 alii.
1708 2990 1722 3020 l
1743 2991 1885 3021 Theocr.
1905 2991 2006 3028 1195,

193 3043 216 3073 1.
241 3053 270 3073 a.
295 3045 322 3074 εἰ
343 3043 375 3073 δ’
402 3043 466 3081 ἄγε.
600 3053 627 3072 m
653 3043 740 3074 Ibid.
765 3044 790 3073 V
820 3044 871 3073 78.
984 3053 1004 3073 n
1029 3045 1110 3073 Aen.
1130 3044 1175 3072 IV
1203 3044 1279 3073 569.
1391 3053 1409 3073 0
1433 3045 1468 3073 Ξ
1490 3044 1553 3072 219
1579 3043 1622 3072 al.
1730 3053 1753 3082 p
1778 3041 2007 3073 vHerwerden

194 3097 272 3126 coll.
317 3105 393 3131 ecce,
432 3094 522 3126 coici.
556 3096 787 3134 Imperativus
819 3096 916 3125 verbi
951 3095 1089 3125 aliunde
1124 3105 1191 3125 non
1227 3096 1355 3133 cogniti
1389 3098 1450 3124 τάω
1485 3095 1611 3124 dicitnr
1647 3096 1682 3124 in
1719 3096 1826 3126 schol.
1860 3095 1895 3125 A
1931 3097 2007 3127 299.

326 3158 344 3188 q
368 3148 475 3178 Inscr.
505 3149 578 3178 135.
714 3159 730 3177 r
754 3148 819 3178 Sed
846 3151 875 3177 Ν
898 3149 939 3177 99
961 3150 994 3179 Ξ
1013 3148 1146 3186 49(1.a.
1163 3147 1306 3185 P171)v
1320 3147 1381 3178 209
1398 3146 1432 3177 in
1447 3147 1558 3178 media
1571 3147 1850 3178 orationelocum
1865 3148 2004 3178 obtinet.
