2234 3443
204 173 288 211 406
879 185 933 213 DE
960 186 1205 216 PARTICULA
1234 179 1344 221 κε(ν).
1857 179 1896 224 [ἓ
1929 179 2017 217 826

199 297 371 344 integra
412 299 590 335 servata
629 299 732 336 sunt
774 299 906 337 verba
938 296 1057 346 ὄψεαι
1088 298 1135 336 αἴ
1160 295 1189 337 κ’
1225 297 1491 349 ἐθέληισθαα,
1524 299 1632 339 locis
1663 301 1760 340 octo
1793 299 1840 338 αἴ
1862 297 1893 338 κ’
1928 299 2016 339 ἐθέ-

199 365 348 412 ληισθα
396 363 525 402 verbo
572 361 691 411 ὄψεαι
735 374 821 403 non
866 363 1150 415 praemissob‚
1195 365 1242 403 αἴ
1277 362 1308 404 κ’
1352 364 1515 416 ἐθέληισ
1545 374 1670 415 unoc,
1704 366 1751 404 αἴ
1775 363 1805 404 κ’
1840 365 2018 416 ἐθέληισι

199 429 338 467 tribus
359 422 391 478 d,
420 429 467 467 αἴ
491 426 520 466 κ’
556 428 726 479 ἐθέλωμι
758 442 841 470 uno
854 439 881 480 e,
915 435 960 470 at
991 430 1042 482 ἢν
1074 430 1279 482 ἐθέληισιν
1311 430 1519 473 duobusf.
1554 433 1672 482 Quod
1700 436 1848 472 autem
1866 434 2017 472 utilius

198 496 332 534 etiam
380 499 448 535 est
487 507 639 536 verum
677 499 919 547 perspicere
960 500 1247 548 cupientibus,
1289 502 1426 539 testes
1467 501 1542 548 qui
1577 502 1734 539 ceteris
1764 504 1868 540 sunt
1899 503 2018 540 vetu-

200 564 357 601 stiores
390 573 542 602 verum
575 564 685 604 falso
718 566 924 613 praebent
957 567 1272 605 commixtum:

556 630 688 680 ὄψεαι,
718 628 773 685 ἦν
807 630 849 672 κ’
879 632 1101 683 ἐθέληισθα
1132 633 1197 671 καὶ
1231 630 1285 673 αἶ
1311 631 1390 674 κέν
1423 649 1482 672 τοι
1514 633 1559 672 τὰ
1591 635 1804 685 μεμήληιθ,

202 726 312 764 quae
344 717 470 756 lectio
502 728 556 757 ex
588 702 654 757 αι”ἷι
687 725 754 759 est
785 717 934 760 natab.

318 783 495 823 Certum
527 787 660 834 igitur
690 788 1049 835 luculentumque
1077 791 1279 828 tenemus
1307 790 1559 839 exemplum
1581 789 1896 839 particularum
1922 792 2021 834 κε(ν)

201 853 243 888 θῖ
284 849 334 887 ἅν
375 852 417 890 in
454 854 577 892 textu
619 855 779 894 tradito
816 857 1177 903 permutatarum.
1212 857 1337 896 Multi
1370 860 1517 896 autem
1550 857 1613 895 ita
1645 857 1887 906 comparati
1918 859 2024 895 sunt

198 927 366 957 versus,
399 919 448 958 In
481 920 699 961 codicibus
730 922 949 971 plerisque
981 933 1136 962 versus
1170 924 1263 963 hic:

700 989 748 1027 αἴ
772 988 840 1027 κέν
871 1005 906 1028 τι
938 987 1076 1038 φόωσῑ
1107 993 1307 1029 Δαναοῖσι
1337 989 1513 1042 γένωμαι

198 1052 261 1091 sic
309 1055 376 1092 est
421 1054 624 1105 scriptus,
671 1057 716 1095 in
753 1057 906 1106 paucis
947 1055 998 1107 ἥν
1038 1058 1118 1096 πού
1159 1055 1241 1097 uj:
1275 1060 1320 1097 at
1350 1059 1393 1097 in
1427 1068 1556 1097 versu
1589 1057 1796 1106 parallelo
1827 1058 2021 1107 plerique

198 1120 359 1159 habent
390 1118 441 1171 ἢν
472 1123 552 1161 πού
584 1138 632 1175 τι,
665 1125 790 1172 pauci
821 1124 868 1162 αἴ
893 1123 961 1163 κέν
991 1122 1071 1165 mk.
1105 1126 1195 1164 Aut
1225 1125 1360 1174 igitur
1397 1126 1534 1165 altero
1560 1125 1655 1165 loco
1686 1124 1736 1175 ἢν
1763 1140 1857 1175 που,
1881 1125 2021 1164 altero

199 1186 245 1224 αἴ
299 1201 367 1225 κεν
428 1189 610 1229 edamus
670 1202 849 1231 necesse
911 1195 993 1242 est,
1052 1194 1173 1232 casui
1223 1193 1323 1242 plus
1372 1203 1503 1241 quam
1534 1194 1714 1246 'rationi
1764 1193 2020 1242 tribuentes,

198 1256 275 1292 aut
321 1256 548 1304 utrobique
592 1261 743 1298 nostro
788 1259 983 1308 ipsorum
1032 1262 1203 1299 stemus
1249 1261 1421 1300 iudicio.
1468 1261 1534 1299 Ad
1575 1260 1706 1299 huius
1747 1262 1895 1299 autem
1929 1269 2022 1298 ver-

198 1331 274 1360 sus
314 1323 567 1372 exemplum
608 1325 682 1364 alii
722 1329 826 1365 sunt
862 1327 1118 1377 corrigendi,
1160 1327 1234 1366 ubi
1264 1327 1492 1376 leguntur:
1525 1325 1576 1377 ἤν
1607 1341 1687 1365 που
1718 1325 1904 1376 ἀκούσηι,
1929 1337 2021 1376 -σω,

198 1387 354 1438 ἐφεύρω
372 1387 395 1427 l.

314 1457 458 1498 Nihilo
488 1460 631 1508 magis
663 1463 729 1499 est
762 1461 942 1500 dubium
974 1462 1191 1509 quomodo
1224 1462 1529 1510 corrigendum
1567 1461 1625 1500 sit
1662 1457 1709 1499 ὃσ
1735 1458 1784 1499 ἄν
1813 1471 1898 1500 uno
1923 1460 2022 1499 loco

198 1523 400 1564 obvium:

551 1594 715 1645 βλάπτει
747 1595 792 1634 ὄσ
823 1594 874 1634 ἅν
906 1611 974 1646 μιν
1004 1595 1155 1647 χανδὸν
1185 1594 1323 1647 5'1mm,

198 1668 300 1698 nam
348 1658 368 1697 ὅ
414 1674 482 1698 κεν
528 1664 571 1700 θῖ
611 1662 681 1701 hic
723 1665 867 1712 potest
908 1664 1041 1703 scribi
1082 1666 1126 1703 θῖ
1167 1666 1292 1703 extat
1322 1665 1422 1704 aliis
1453 1664 1561 1703 locis
1592 1665 1824 1712 quatuorn.
1857 1663 2019 1702 Parum

198 1728 347 1766 autem
394 1727 676 1768 Homericum
724 1731 930 1778 quoniam
975 1731 1058 1770 fuit
1104 1728 1151 1769 ὃσ
1197 1729 1259 1781 ἄν,
1301 1742 1389 1771 non
1431 1734 1499 1771 est
1539 1731 1808 1780 parcendum
1841 1730 2019 1769 vocibus

199 1789 244 1830 ὃσ
276 1790 312 1831 δ’
347 1792 411 1844 ἅν,
441 1792 487 1833 ὃν
520 1792 554 1833 δ’
591 1794 653 1834 ἄν.
684 1797 996 1837 Rescribemus
1026 1799 1161 1846 igitur
1192 1795 1239 1836 ὃσ
1271 1797 1313 1837 δέ
1344 1813 1387 1837 κε
1420 1802 1464 1838 θῖ
1488 1795 1535 1837 ὃν
1561 1797 1604 1836 δέ
1630 1806 1703 1836 nso
1733 1820 1784 1825 —
1812 1798 2021 1836 nostrone

195 1860 353 1900 iudicio
385 1862 567 1902 confisi?
598 1865 741 1904 Immo
773 1864 996 1904 sufficiunt
1023 1866 1220 1914 paralleli
1250 1867 1295 1904 bi
1327 1877 1482 1905 versus
1513 1866 1626 1905 inter
1657 1876 1704 1905 se
1735 1865 1904 1905 collati:

550 1928 597 1969 ὃν
629 1930 672 1970 δέ
701 1928 737 1970 κ’
774 1930 873 1984 ἐγὼν
905 1931 1113 1971 ἀπάνευθε
1150 1932 1280 1984 μάχκσ
1311 1931 1502 1972 ἐθέλοντα
1536 1932 1679 1982 νοήσω.

551 1994 598 2035 ὃν
630 1995 665 2036 δ’
701 1996 751 2036 ἂν
783 1998 883 2050 ἐγὼν
913 1998 1122 2038 ἀπάνευθε
1154 2000 1284 2051 μάχκσ
1317 1998 1508 2039 ἐθέλοντα
1540 2002 1718 2049 νοήσωΡ.

285 2195 305 2214 a
333 2189 358 2215 ω
381 2186 443 2216 471
470 2186 504 2224 (l.
523 2196 552 2218 a.
579 2187 627 2225 ἢν)
653 2189 765 2217 ω511.
901 2187 917 2217 b
943 2191 975 2217 N
1000 2189 1063 2218 260
1090 2191 1113 2218 ,Σ
1141 2188 1205 2218 457
1233 2190 1263 2217 Τ
1284 2188 1344 2218 147
1369 2200 1387 2225 γ
1407 2189 1449 2218 92
1470 2188 1763 2225 6322μ49υ233
1777 2188 1810 2218 h.
1824 2187 2019 2218 Merc.181.

329 2248 344 2268 c
366 2242 382 2268 λ
409 2240 483 2270 105.
617 2239 639 2270 d
660 2245 686 2270 Σ
708 2242 783 2276 278,
809 2242 872 2271 306
897 2254 906 2271 ι
931 2240 1006 2272 520.
1140 2250 1157 2271 e
1179 2253 1201 2281 φ
1227 2242 1302 2278 348,
1327 2241 1349 2272 l.
1374 2250 1402 2271 a..
1429 2253 1521 2279 -οιμι,
1547 2241 1679 2272 Vitiosa
1704 2243 1784 2271 sunt
1806 2242 1835 2270 εἴ
1850 2241 1875 2270 κ’
1893 2240 2018 2269 ἐθέλοισ

198 2300 212 2318 ²
236 2291 311 2327 589,
336 2293 364 2321 εἴ
384 2290 412 2321 κ’
436 2293 554 2323 ἐθέλων
574 2306 607 2331 γε
630 2294 739 2330 μένοισ
754 2307 770 2332 η
785 2295 860 2324 315.
987 2294 1018 2335 f
1038 2297 1057 2324 I
1073 2294 1150 2331 429,
1165 2295 1241 2324 692.
1371 2305 1394 2334 y
1415 2297 1442 2324 A
1467 2296 1530 2325 353
1544 2296 1593 2324 Sic
1606 2304 1686 2334 pap.
1703 2296 1765 2325 136
1781 2296 1816 2325 et
1828 2293 1926 2324 codd.
1940 2294 1967 2322 A
1981 2293 2019 2322 T.

329 2342 349 2373 h
371 2343 505 2375 Similia
528 2355 569 2377 ex
593 2347 715 2377 comici
740 2347 918 2377 codicibus
936 2347 1070 2385 Proleg.
1094 2346 1136 2376 ad
1161 2347 1217 2377 Ar.
1245 2348 1310 2377 303
1335 2356 1411 2385 sqq.
1545 2347 1557 2377 i
1579 2347 1662 2385 Leg.
1689 2349 1783 2386 φάοσ,
1808 2355 1887 2386 pag.
1912 2347 1974 2376 178
1987 2355 2020 2374 α.

319 2395 341 2435 j
364 2400 392 2425 A
417 2398 492 2429 797.
627 2399 647 2429 k
672 2403 703 2429 11
727 2401 780 2430 39.
805 2400 958 2429 Fickium
981 2408 1049 2429 non
1074 2408 1149 2430 esse
1174 2401 1387 2438 sequendum
1412 2398 1469 2430 hic
1494 2400 1620 2430 elarius
1641 2409 1744 2439 quam
1765 2400 1848 2430 alibi
1861 2401 2019 2437 apparet.

196 2447 259 2477 Cui
283 2457 403 2479 versus
426 2454 454 2479 A
481 2452 656 2482 794—803
682 2462 700 2482 a
725 2453 901 2489 cynaetho
927 2451 1011 2482 Chio
1035 2462 1053 2482 e
1077 2451 1257 2482 Patroclea
1282 2453 1395 2483 evulsi
1425 2456 1460 2483 θῖ
1482 2452 1639 2484 Nestoris
1658 2453 1738 2483 huic
1760 2461 1837 2482 cum
1859 2451 2020 2481 Patroclo

198 2501 370 2538 colloquio
403 2504 523 2534 inserti
542 2505 747 2535 videbantur
772 2506 825 2542 (Il.
853 2507 906 2540 83,
932 2507 1023 2544 488).
1043 2505 1179 2543 Ergone
1203 2506 1398 2544 rhapsodus
1420 2506 1490 2539 ille,
1515 2515 1618 2544 quem
1645 2506 1797 2535 carmina
1819 2508 1956 2534 vetusta
1978 2513 2019 2534 ex

198 2554 337 2584 Aeolica
364 2555 513 2586 dialecto
535 2558 569 2586 in
594 2558 744 2588 Ionicam
774 2559 985 2588 convertisse
1009 2558 1201 2596 multisque
1225 2559 1322 2588 novis
1344 2559 1504 2589 versibus
1527 2558 1667 2589 auxisse
1691 2557 1773 2588 Fick
1796 2557 1864 2587 sibi
1881 2566 2025 2596 persua-

196 2611 298 2643 serat,
334 2610 506 2639 contraria
540 2610 608 2640 iam
644 2609 699 2640 via
738 2609 823 2640 inita
858 2620 1000 2640 versum
1025 2619 1129 2648 quem
1153 2612 1357 2641 imitabatur
1384 2615 1418 2641 Π
1439 2613 1480 2642 39
1505 2610 1554 2641 ita
1581 2610 1730 2642 mutavit
1752 2614 1791 2641 ut
1808 2619 1870 2649 pro
1892 2610 2020 2640 Ionicis

197 2661 328 2690 voculis
366 2662 400 2699 ἤν
434 2672 505 2697 που,
537 2671 626 2701 quae
662 2663 763 2693 hodIe
799 2663 849 2693 ibi
883 2664 1058 2702 leguntur,
1079 2664 1248 2694 scriberet
1270 2664 1450 2694 Aeolicum
1475 2666 1510 2694 αἴ
1528 2676 1578 2694 κεν
1604 2665 1638 2694 in
1659 2664 1816 2693 versibus
1839 2672 1857 2692 a
1881 2671 1918 2693 se
1943 2663 2019 2701 ipso

194 2713 303 2742 fictis?
338 2730 382 2735 —
414 2715 547 2750 ,Immo
575 2715 741 2752 cynaethi
765 2718 878 2745 aetate
900 2717 1003 2745 etiam
1031 2719 1062 2745 Π
1092 2717 1132 2745 39
1157 2716 1339 2754 legebatur
1363 2718 1398 2746 αἴ
1418 2715 1503 2752 κη,”
1528 2715 1609 2747 Fick
1632 2716 1881 2755 respondisset.
1906 2714 2020 2745 Facile

196 2765 379 2802 oredimus,
417 2776 495 2797 nam
530 2766 565 2797 id
599 2770 713 2806 ipsum
753 2768 1029 2798 demonstratum
1062 2768 1165 2803 imus3
1204 2769 1264 2798 sed
1300 2770 1477 2799 Aeolicum
1505 2770 1592 2799 illud
1617 2771 1652 2800 αἴ
1679 2782 1729 2799 κεν
1754 2769 1940 2806 cynaetho,
1965 2768 2018 2797 vel

196 2818 353 2856 quisquis
388 2819 464 2856 fuit,
496 2821 675 2859 indignum
710 2821 816 2858 igitur
847 2823 958 2851 visum
991 2823 1045 2850 est
1077 2821 1168 2858 quod
1192 2822 1399 2851 toleraretur
1424 2826 1459 2851 H
1479 2823 1532 2858 39,
1563 2821 1706 2860 dignum
1731 2821 1826 2860 quod
1848 2821 1884 2851 in
1906 2822 2023 2859 ipsius

194 2879 312 2900 versus
336 2871 572 2911 reciperetur?
598 2874 670 2904 Hoc
691 2882 830 2912 quoque
853 2873 1116 2912 perabsurdum,
1142 2883 1255 2912 neque
1278 2873 1308 2903 is
1332 2877 1405 2904 erat
1426 2875 1509 2904 Fick
1536 2876 1594 2912 qui
1619 2876 1686 2904 tale
1705 2875 1787 2912 quid
1808 2874 2016 2912 perhiberet.

198 2923 287 2960 Ergo
317 2926 392 2963 post
425 2923 590 2963 Cynaethi
624 2929 772 2956 aetatem
807 2927 948 2956 voculas
985 2927 1018 2964 ἤν
1041 2936 1103 2955 που
1127 2926 1161 2955 in
1188 2935 1325 2956 versum
1351 2930 1387 2956 H
1407 2928 1448 2957 39
1473 2926 1657 2965 irrepsisse
1681 2928 1852 2957 statuatur
1875 2934 2019 2955 neeesse

198 2978 260 3010 est,
284 2993 322 2997 —
350 2980 383 3006 et
413 2978 462 3007 sic
486 2978 638 3008 redimus
662 2978 704 3008 ad
728 2979 763 3008 id
785 2979 899 3017 ipsum
923 2979 1014 3016 quod
1039 2987 1145 3017 supra
1171 2981 1223 3008 est
1248 2979 1391 3014 dictum.
1415 2980 1572 3010 voculam
1596 2980 1635 3009 ἄν
1660 2988 1726 3009 non
1751 2989 1770 3009 a
1789 2979 2020 3009 diasceuastis

198 3028 371 3066 aliquibus
417 3030 498 3060 data
539 3040 642 3069 opera
684 3032 855 3062 invectam
890 3040 978 3067 esse,
1011 3031 1072 3061 sed
1111 3040 1194 3061 casu
1229 3034 1262 3061 et
1296 3034 1426 3062 temere
1460 3032 1494 3062 in
1530 3033 1657 3062 multos
1693 3032 1788 3062 locos
1822 3032 2015 3069 irrepsisse.

331 3081 344 3111 l
377 3094 395 3111 a
421 3084 461 3112 94
486 3088 506 3122 ,θ
533 3085 595 3113 360
624 3096 641 3121 γ
667 3085 706 3114 83
733 3097 746 3113 ι
770 3085 846 3114 417.
1045 3093 1072 3112 m
1107 3095 1129 3122 φ
1155 3084 1233 3114 294.
1423 3094 1443 3113 n
1481 3087 1511 3114 Γ
1533 3086 1596 3115 354
1620 3096 1639 3114 α
1669 3085 1733 3115 254
1761 3094 1784 3113 n
1809 3084 1871 3113 257
1896 3095 1912 3123 ρ
1938 3084 2019 3113 385-

329 3144 346 3163 0
372 3145 386 3163 τ
412 3136 474 3164 332
504 3139 526 3163 O
551 3137 626 3166 348.
757 3147 781 3176 p
808 3139 834 3165 B
859 3138 920 3167 391
950 3135 999 3176 (ὃν
1023 3137 1048 3167 δ’
1065 3135 1101 3165 ἂν
1127 3136 1244 3168 Ambr.
1269 3137 1329 3174 al.)
1359 3139 1385 3168 Θ
1412 3138 1462 3168 10.
