2234 3443
256 190 341 229 382
905 199 959 227 DE
990 198 1416 227 PRAEPOSITIONIBUS.
1911 189 1951 233 [ἓ
1982 187 2068 226 316

370 313 512 352 Etiam
542 314 772 352 accusativo
802 313 947 351 addito
983 312 1105 351 locus
1135 311 1420 359 indicabatur,
1454 320 1522 350 ex.
1554 320 1638 358 gr.:

512 376 607 431 ’βάν
638 378 672 430 ῥ’
707 376 805 429 ἴμεν’
841 378 896 418 ὥσ
927 393 966 417 τε
996 377 1129 417 λέοντε
1161 378 1243 416 δύω
1278 375 1354 417 διὰ
1389 373 1529 417 νύκτα
1561 373 1801 429 μέλαιναν,

515 445 569 498 ἂμ
595 446 739 496 φόνον,
773 444 823 484 ἂν
853 443 1015 495 νέκυασ,
1046 442 1123 485 διά
1155 441 1180 482 τ’
1218 441 1350 485 ἔντεα
1381 443 1447 482 καὶ
1480 440 1629 496 μέλαν
1662 438 1782 497 αἷμα
1794 452 1828 483 a.

569 511 698 567 'sldov
716 512 949 563 ’Ἡφαιστου
981 510 1057 553 διὰ
1088 511 1280 566 δώματα
1310 511 1561 550 ποιπνύοντα
1575 509 1605 550 b.

514 582 574 620 τίσ
606 577 726 621 oinos
744 612 774 619 ..
793 580 948 632 ,ἔρχεαι
978 576 1065 619 οἶοσ
1093 579 1098 630 Ι
1127 576 1271 620 νύκτα
1302 577 1366 619 δι’
1398 576 1670 632 ὄρφναίὶινθ;

365 650 679 698 Nonnusquam
721 651 871 688 tamen
923 658 1052 687 causa
1092 648 1268 697 efficiens
1313 647 1505 685 indicata
1545 648 1611 685 est
1654 646 1906 685 accusativo
1947 655 2065 694 prae·

245 716 451 764 positioni
483 716 549 754 διά
580 717 742 765 iuncto,
776 718 824 755 ut
855 716 1018 754 latinae
1051 714 1364 763 praepositioni
1391 724 1468 762 per
1497 718 1567 758 (=
1585 716 1739 762 opera),
1774 723 1842 752 ex,
1880 723 1966 761 gr.:

513 774 595 846 ριὶν
628 789 704 831 διὰ
741 787 1026 844 μαντοσύνην
1042 787 1076 832 0³.

510 865 674 898 νικῆσαι
706 856 770 899 δι’
801 855 1012 899 Ἀθήνην
1029 865 1059 897 ⁶².

364 925 501 966 Causa
545 937 711 966 movens
750 927 1018 973 (=pr0pter)
1064 926 1213 963 autern
1257 924 1300 962 in
1343 924 1412 962 his
1452 923 1620 962 verbis:
1660 918 1802 974 ’γῆμεν
1843 919 1944 976 ἑς-ὸν
1988 920 2063 962 διὰ

242 990 462 1034 κάλλοσΐ
487 996 552 1033 et:
587 991 652 1034 δι’
684 989 985 1033 ἀτασθαλίασ
1023 990 1182 1029 ἔπαθον
1212 990 1382 1030 numine,

358 1100 402 1144 4.
431 1099 545 1154 μετά
575 1101 837 1151 praepositio
864 1100 1079 1138 adiectivo
1107 1098 1252 1148 μέσσοσ
1270 1099 1433 1138 medius
1458 1101 1655 1148 cognata,
1685 1100 1807 1138 cuius
1833 1099 1900 1137 vis
1917 1100 2061 1148 primi-

240 1169 333 1208 tiva
374 1170 490 1208 clara
530 1172 710 1218 apparet
740 1169 782 1207 in
818 1168 1071 1206 nominibus
1101 1166 1354 1216 μεταμάζιον,
1383 1165 1579 1216 μέτωπον,
1609 1166 1828 1205 similibus
1841 1163 1874 1215 h,
1905 1167 1949 1205 in
1982 1167 2063 1206 dic·

238 1237 356 1276 tione
389 1238 510 1286 epica
542 1237 699 1286 plurali
729 1236 1010 1285 potissimum
1044 1234 1273 1274 nominum
1306 1244 1492 1273 numero
1518 1235 1621 1283 apta
1647 1231 1773 1283 erati,
1804 1234 2063 1273 admittebat

238 1308 386 1344 autem
419 1305 703 1344 accusativum
730 1307 774 1342 et
799 1304 1000 1352 dativum,
1034 1312 1121 1341 non
1153 1302 1414 1351 genitivum,
1447 1311 1576 1350 quem
1609 1304 1760 1350 postea
1774 1299 1808 1340 j.

356 1372 598 1411 Accusativo
634 1373 782 1411 iuncta
812 1369 1088 1418 significabat
1118 1370 1164 1407 iu
1196 1370 1350 1408 medios
1381 1370 1476 1408 sive
1507 1369 1651 1407 locum
1679 1379 1885 1416 quorsum
1912 1371 2060 1408 motus

236 1440 371 1488 aliqui
403 1441 614 1487 tenderet,
649 1450 716 1478 eX.
750 1449 835 1486 gr.:

503 1504 618 1560 μετὰ
654 1504 882 1559 δαίμονασ
914 1501 1093 1545 ἄλλοοσ
1107 1501 1141 1544 k.

351 1575 433 1614 Sed
466 1574 813 1622 breviloquentia
844 1583 1176 1621 nonnumquam
1204 1572 1349 1611 effecit
1375 1574 1424 1611 ut
1448 1574 1543 1610 tum
1571 1581 1741 1620 quoque
1759 1574 2055 1623 usurparetur,

233 1651 332 1680 cum
364 1652 439 1690 per
469 1642 613 1681 locum
644 1642 831 1690 petitum
863 1641 1021 1688 aliquis
1052 1640 1269 1679 diceretur
1301 1640 1484 1686 moveri,
1518 1649 1587 1678 ex,
1621 1649 1707 1687 gr.:

497 1708 563 1747 καὶ
595 1708 640 1747 τὰ
671 1707 744 1757 μὲν
775 1707 900 1747 αὐτὸσ
930 1707 1062 1746 ἔπειτα
1089 1703 1223 1757 ’φόρει
1255 1704 1371 1760 μετὰ
1403 1704 1558 1760 μῶλον
1583 1705 1730 1756 ’Ἀρηοσ

230 1787 327 1815 cum
353 1777 398 1815 iri
429 1777 579 1816 bellum
605 1777 954 1828 proficiscebatur,
986 1787 1034 1814 ea
1065 1785 1192 1814 arma
1224 1777 1383 1824 pestere
1412 1775 1576 1824 solebat,
1604 1775 1734 1823 iisque
1761 1775 1933 1814 indutus
1958 1776 2052 1814 deiri

227 1855 303 1892 per
334 1845 488 1884 medios
519 1845 647 1884 hostes
677 1844 923 1884 versabatur
938 1840 962 1884 l.

347 1912 492 1951 Etiam
523 1912 741 1961 appetendi
769 1911 864 1950 sive
894 1910 1151 1958 anquirendi
1181 1910 1300 1949 notio
1330 1910 1584 1948 accusativo
1617 1910 1929 1958 praepositioni
1960 1909 2056 1960 μετά

229 1979 377 2018 iuncto
411 1981 478 2018 est
504 1990 727 2029 expressa,
762 1989 831 2018 ex,
864 1989 951 2027 gr.:

791 2045 849 2084 εἰσ
884 2043 1062 2094 Τεμέσην
1094 2042 1210 2097 μετὰ
1239 2041 1420 2097 χαλκόν
1440 2053 1482 2084 ⁷12.

793 2110 887 2166 μετ’
918 2109 1052 2166 ἴχνεα
1079 2108 1209 2162 ’βαῖνε
1240 2115 1355 2151 θεοῖο
1370 2120 1402 2149 ⁷2.

789 2177 834 2230 ἠὲ
864 2178 948 2218 θέω
982 2177 1098 2232 μετὰ
1129 2176 1169 2219 σ’
1201 2173 1367 2226 αὖτισο;

314 2282 334 2302 a
369 2274 400 2302 Ι(
435 2273 498 2302 297
533 2279 599 2309 sq.;
624 2268 792 2301 locutioni
815 2270 867 2299 διὰ
890 2273 986 2300 νύκτα
1011 2269 1184 2309 (ὀρφναίην,
1208 2269 1371 2310 δνοφερὴν,
1396 2270 1582 2309 ἀμβροσίην,
1606 2266 1665 2303 al.)
1691 2265 1841 2306 temporis
1864 2264 1958 2296 notio
1982 2274 2049 2295 non

224 2326 325 2356 inest.
460 2325 476 2354 b
500 2326 534 2354 A
560 2326 641 2360 6003
666 2333 837 2362 nusquam
862 2325 913 2355 διὰ
937 2325 1082 2361 δώμαιοσ
1105 2323 1159 2353 vel
1184 2334 1268 2352 -των,
1401 2331 1418 2351 o
1447 2323 1478 2351 K
1501 2322 1542 2351 83
1567 2321 1628 2356 al.;
1653 2328 1826 2358 nusquam
1852 2320 1904 2349 διὰ
1925 2321 2049 2349 νυκτόσ.

356 2377 379 2408 d
412 2380 446 2407 A
467 2379 520 2409 72.
655 2387 671 2407 e
704 2381 729 2407 θ
755 2378 830 2407 520.
964 2376 988 2414 f
1016 2379 1032 2405 λ
1058 2376 1122 2406 282
1147 2375 1180 2405 h.
1204 2375 1287 2405 Ven.
1313 2375 1389 2404 203.
1520 2383 1542 2413 9
1577 2381 1605 2411 ψ
1631 2373 1685 2402 67.
1819 2371 1838 2401 Ιι
1870 2372 1922 2401 Ad
1946 2374 1972 2401 Ε
1995 2373 2047 2402 19.

358 2431 370 2460 i
394 2431 455 2461 Vel
479 2430 646 2468 singulari
670 2431 844 2460 nominum
869 2430 1138 2460 collectivorum.
1371 2426 1393 2467 j
1425 2427 1492 2457 Pro
1515 2428 1544 2455 A
1568 2427 1606 2456 51
1629 2426 1701 2457 μεθ’
1730 2427 1852 2464 ἱππήων
1874 2425 1897 2454 1.
1923 2433 1953 2454 a.
1977 2425 2043 2462 μέγ’

223 2486 346 2522 ἱππήων
369 2484 524 2522 (gravius
543 2482 665 2513 vitium
689 2483 825 2512 videtur
846 2481 1013 2519 subesse),
1040 2490 1102 2520 pro
1127 2481 1204 2517 μετὰ
1228 2482 1375 2510 Βοιωτῶν
1400 2482 1432 2508 Ν
1454 2480 1517 2508 700
1542 2478 1608 2516 leg.
1632 2478 1744 2513 -τοῖσ’,
1769 2486 1831 2516 pro
1848 2477 1921 2514 μεθ’
1939 2477 2046 2513 ὁμίλου

225 2539 253 2566 Ρ
287 2537 348 2566 149
383 2537 405 2566 l.
429 2545 458 2566 a.
493 2536 566 2574 μηθ’
600 2536 708 2572 ὅμιλον
731 2532 811 2575 (leg.
839 2534 913 2564 καθ’
942 2534 1073 2572 ὅμιλον),
1099 2542 1162 2571 pro
1187 2532 1261 2570 μεθ’
1291 2534 1373 2570 ἤμων
1399 2534 1435 2561 Φ
1455 2532 1518 2561 458
1543 2531 1611 2568 leg.
1635 2542 1669 2568 μ.
1694 2528 1774 2569 ἧμιν,
1799 2539 1861 2568 pro
1885 2535 1945 2559 τῶν
1967 2530 2045 2567 μέτα

224 2592 418 2626 παλλόμενοσ
454 2591 565 2628 κλήρωι
593 2588 706 2626 ’λάχον
737 2588 768 2617 Ω
793 2588 857 2617 400
882 2587 904 2616 l.
928 2596 958 2616 a.
989 2591 1069 2616 τοῖσι
1100 2586 1133 2615 δὲ
1165 2590 1288 2626 πρῶτον
1320 2586 1478 2622 ὑπηνήτησ
1501 2584 1624 2622 ’λάχοη
1650 2591 1712 2621 pro
1746 2593 1803 2620 μετ
1837 2582 1936 2612 ἄλλων
1963 2581 2040 2616 λέξε’

223 2645 352 2683 ἑταίρων
384 2654 402 2672 κ
440 2643 504 2672 320
540 2642 607 2679 leg.
640 2653 673 2679 μ.
703 2641 816 2670 &now
840 2643 867 2670 λ.
892 2650 994 2681 -ρουσ,
1017 2648 1080 2678 pro
1103 2639 1182 2676 μετὰ
1204 2639 1314 2675 δμώων
1338 2647 1361 2666 n
1388 2637 1451 2667 140
1477 2636 1544 2674 leg.
1567 2648 1597 2673 μ.
1623 2636 1751 2673 dumah,
1774 2636 1806 2665 h.
1830 2634 1908 2665 XIX
1929 2635 1948 2664 2
1969 2635 2037 2671 μετ’

221 2697 396 2734 Ἀθηναίησ
417 2695 636 2732 γλαυκώπιδοσ
660 2702 738 2723 cum
762 2694 935 2731 genitivus
956 2695 1030 2722 tum
1055 2692 1240 2729 singularis
1262 2700 1281 2720 a
1305 2691 1420 2729 prisca
1444 2692 1517 2719 arte
1540 2687 1728 2727 discrepat.
1741 2688 1842 2727 Apud
1854 2687 2044 2717 Hesiodum

222 2757 289 2778 non
312 2749 378 2777 nisi
402 2748 532 2785 Theog.
558 2748 622 2776 392
642 2745 771 2783 legitur
793 2747 870 2782 μετά
894 2745 1045 2783 genitivo
1065 2745 1234 2779 iunctum,
1256 2746 1290 2773 et
1313 2743 1453 2772 omnino
1477 2750 1496 2771 a
1521 2741 1657 2779 poetioa
1680 2740 1831 2770 dictione
1852 2739 1964 2769 aliena
1978 2740 2044 2769 fuit

221 2800 307 2830 haec
340 2801 561 2835 constructio,
583 2797 683 2830 cuius
713 2799 788 2828 loco
812 2800 935 2837 poetae
958 2797 1039 2827 inde
1063 2797 1106 2826 ab
1131 2797 1279 2826 Homero
1303 2797 1360 2825 σύν
1381 2794 1576 2825 coniunctim
1599 2794 1667 2824 cum
1690 2793 1745 2823 vel
1767 2793 1833 2830 ἅμα
1854 2791 1955 2822 simul
1973 2801 2041 2822 cum

219 2853 379 2882 dixerunt
413 2853 529 2883 addito
563 2852 696 2890 dativo3
726 2852 762 2881 id
792 2851 884 2888 quod
918 2851 1050 2888 primus
1087 2849 1333 2879 animadvertit
1357 2850 1392 2878 et
1411 2847 1579 2885 singulari
1601 2845 1780 2884 diligentia
1805 2844 2041 2883 comprobavit

221 2906 339 2943 Tycho
371 2905 563 2935 Mommsen
596 2907 684 2942 μετά,
713 2907 769 2934 σύν
788 2903 859 2934 und
882 2904 947 2940 ἅμα
975 2903 1031 2932 bei
1056 2902 1122 2932 den
1147 2902 1300 2940 Epikern
1329 2901 1427 2936 1874,
1451 2898 1612 2937 Beitrage
1633 2908 1661 2928 z.
1686 2898 1720 2928 d.
1742 2897 1854 2928 Lehre
1878 2906 1908 2927 v.
1933 2896 1966 2926 d.
1988 2904 2039 2933 gr.

220 2957 483 2996 Prapositionen
507 2959 606 2988 1886.
785 2956 805 2986 k
840 2958 874 2986 A
898 2957 974 2986 222.
1154 2954 1167 2985 l
1203 2958 1237 2984 H
1260 2954 1335 2984 147.
1524 2962 1553 2982 m
1577 2964 1597 2981 α
1623 2951 1696 2981 184.
1876 2959 1896 2979 n
1917 2952 1939 2988 β
1963 2949 2039 2977 406.

353 3020 370 3039 0
406 3012 436 3040 1(
473 3011 526 3040 63.
561 3009 663 3048 Apud
696 3011 853 3047 posteros
883 3008 939 3038 hic
970 3007 1237 3046 praepositionis
1267 3013 1352 3036 usus
1382 3005 1509 3035 mansit
1531 3005 1565 3034 in
1590 3001 1734 3034 movendi
1757 3001 1871 3032 verbis
1893 2999 2037 3037 μετιέναι,

220 3064 379 3099 μεθήκειν,
412 3063 626 3104 μετατρέχειν,
651 3062 929 3098 μεταπέμπεσθαι,
962 3069 1012 3090 ex.
1039 3068 1089 3097 gr.
1124 3059 1181 3089 Ar.
1212 3059 1275 3096 Eq.
1304 3058 1380 3088 605.
1404 3057 1499 3092 Quae
1522 3057 1617 3086 notio
1641 3055 1842 3091 ceteroquin
1866 3052 2037 3090 exprime-

221 3114 322 3145 batur
346 3116 603 3153 praepositione
626 3117 687 3149 ὄπι,
713 3123 765 3144 ex.
789 3123 838 3151 gr.
863 3116 967 3143 ἐλθεῖν
992 3112 1041 3142 ἐπ’
1071 3114 1186 3142 ὄκεῐνον
1210 3111 1265 3141 Ar.
1292 3110 1376 3141 Rau.
1401 3111 1454 3145 69,
1479 3111 1513 3139 et
1535 3109 1603 3147 ipsi
1622 3109 1745 3146 poetae
1773 3105 1861 3144 epici
1884 3104 1933 3134 sic
1957 3105 2039 3133 sunt

221 3167 327 3197 locuti
352 3170 380 3196 B
405 3168 468 3197 808
494 3169 536 3197 M
555 3167 619 3197 342
641 3178 658 3203 γ
682 3167 745 3196 421
771 3178 794 3195 ω
818 3167 894 3196 466.
