2234 3443
251 136 337 174 376
901 143 955 170 DE
986 141 1411 170 PRAEPosmomBUS.
1761 133 1799 179 [ἓ
1831 134 1857 173 3
1866 134 1916 172 13
1927 133 2006 171 —3
2015 133 2033 171 1
2042 134 2066 171 5

250 256 354 308 ἀμφὶ
380 256 624 308 βέβηκασῗα
650 256 861 295 Meliusne
887 258 955 295 est
981 254 1138 293 ἀλλάων
1160 254 1331 305 περίειμι
1359 265 1413 294 an
1441 253 1529 304 πέρι
1555 252 1693 306 εἰμίΐό
1724 256 1858 296 Poeta
1873 257 2065 296 dixitne:

253 325 405 363 Μίνωα
436 320 536 362 ’τέκε
577 323 733 374 Κρήτκι
774 321 965 372 ἐπίουρον
1007 333 1083 362 an:
1118 322 1274 372 Κρήτκι
1310 321 1375 360 ἔπι
1404 317 1585 373 οὖρονῖὓ
1616 322 1710 362 θεαὶ
1742 320 1776 362 δ’
1813 322 2069 374 ἐπιποίμενέσ

251 392 326 432 εἰσι
359 402 436 431 an:
469 389 532 429 ἐπὶ
562 389 750 441 ποιμένεσ
781 387 920 430 ezelini
950 390 1121 429 Similia
1152 390 1318 439 passim
1350 390 1596 438 legunture.

370 458 498 498 Certa
537 460 686 498 autem
729 460 797 497 est
837 469 907 497 res
950 458 1022 496 ubi
1063 458 1327 506 praepositio
1370 468 1395 496 a
1437 457 1580 504 verbo,
1616 459 1683 497 cui
1714 459 1958 508 praemissa
1988 461 2069 508 est,

253 537 342 566 una
370 526 624 575 pluribusve
657 526 836 565 vocibus
867 525 1112 564 interiectis
1145 526 1212 563 est
1242 526 1460 575 separata,
1495 536 1563 565 ex.
1596 536 1679 574 gr:

549 591 614 630 καὶ
646 589 718 632 ἐπὶ
750 592 905 640 κνέφασ
935 585 1061 646 ἦλθε
1083 589 1114 631 f.

549 657 642 700 ἀνὰ
673 661 715 698 δὲ
746 661 887 710 κρείων
919 659 1172 711 Ἀγαμέμνων
1201 656 1206 712 Ι
1234 655 1387 699 ἔστηθ.

549 725 671 768 κατὰ
702 728 806 779 βοῦσ
830 724 1063 778 εΊῖτιῑερίονοσ
1089 723 1263 765 Ἠελίοιο
1293 725 1297 779 Ι
1324 723 1493 781 ’ἢσθιον
1507 724 1539 766 7².

552 792 632 836 σὺν
663 794 737 844 μὲν
771 795 791 835 ὃ
822 793 853 848 γ’
889 793 1076 846 ἠπείλησε
1107 795 1239 834 πόδασ
1269 794 1336 833 καὶ
1366 798 1499 846 χεῖρασ
1532 795 1686 845 ὕπερθε
1715 794 1719 849 Ι
1749 794 1902 851 δήσειν
1915 793 1940 836 i.

553 860 601 903 ἐν
634 862 676 902 δὲ
709 864 814 903 Ζεὺσ
842 862 1154 914 τερπικέραυνοσ
1183 861 1189 914 Ι
1217 863 1350 913 φύζαν
1378 859 1501 913 ἐμοῖσ’
1535 861 1708 913 ἑτάροισι
1739 865 1868 902 κακὴν
1899 860 2073 916 ἕβαλ’]’.

377 987 404 1040 ἓ
437 988 539 1032 314.
581 991 750 1030 Nomen
793 1001 893 1030 cum
939 990 1258 1038 adiungebatur
1299 990 1625 1039 praepositioni,
1668 990 1923 1039 plerumque
1968 990 2079 1030 hanc

259 1057 536 1108 sequebatur,
590 1059 666 1097 sed
718 1060 760 1098 et
818 1068 948 1107 saepe
990 1057 1291 1107 praecedebat,
1340 1067 1450 1106 quae
1491 1058 1742 1107 anastrophe
1790 1061 1858 1097 est
1898 1059 2077 1105 vocata;

259 1125 374 1163 haud
405 1135 502 1164 raro
534 1127 682 1164 autem
717 1124 760 1164 δέ
789 1126 932 1165 aliave
964 1125 1180 1175 particula
1211 1127 1278 1164 est
1310 1125 1555 1164 interiecta.

377 1192 426 1231 In
463 1194 728 1242 anastrophe
759 1192 837 1242 ἔπι,
875 1193 988 1243 κάτα,
1017 1191 1126 1242 μέτα,
1155 1193 1278 1242 πάρα,
1308 1192 1411 1242 πέρι,
1435 1192 1550 1242 ὕπερ,
1579 1191 1659 1231 ὕπο
1692 1192 1958 1242 dicebantur,
1992 1202 2078 1231 non

258 1257 336 1307 ἐπί,
365 1261 460 1309 cet„
493 1261 580 1299 nisi
611 1261 982 1310 praepositionem
1009 1271 1034 1299 a
1060 1261 1238 1300 nomine
1262 1259 1522 1309 seiungebat
1545 1258 1812 1309 particulak3
1847 1262 2079 1300 accentum

259 1330 406 1367 autem
449 1329 685 1368 servabant
717 1328 755 1375 ἒξ
788 1331 832 1368 et
862 1328 933 1378 εἴσ,
964 1329 1072 1368 item
1104 1327 1160 1377 ἔν,
1191 1329 1266 1367 sed
1299 1329 1520 1377 plerisque
1551 1328 1856 1368 huiuscemodi
1886 1328 2081 1368 locorum

258 1397 473 1444 usurpata
505 1398 574 1436 est
605 1396 790 1445 amplior
821 1397 965 1436 forma
995 1395 1068 1436 ἔνι.
1101 1396 1179 1436 Ex.
1212 1407 1298 1444 gr.:

556 1462 672 1505 θεοῦ
718 1462 846 1518 πάρα
878 1464 987 1514 δῶρα
1018 1462 1198 1513 φέρουσα
1213 1462 1237 1504 l.

556 1540 835 1589 καλεσσαμένω
868 1523 1044 1593 ἀγορὴν
1077 1537 1148 1580 εἲσ
1178 1539 1335 1577 mimas
1366 1539 1600 1590 Ἀχαιούσῃῑ.

559 1603 764 1647 ὅπλοισιν
796 1604 862 1647 ἔνι
893 1608 1112 1659 δρεινοῑσιν
1143 1606 1289 1646 ἐδύτην
1302 1615 1335 1646 ⁷².

560 1673 623 1712 σοὶ
654 1674 696 1713 δὲ
728 1674 819 1714 θεοὶ
849 1672 978 1716 τῶνδ’
1007 1673 1105 1715 ἀντὶ
1135 1675 1250 1726 χάριν
1281 1672 1511 1726 μενορεικεά
1543 1674 1652 1712 δοῖεν
1666 1681 1696 1714 0.

558 1745 636 1783 τῶι
668 1740 706 1781 δ’
743 1739 815 1784 ἐπὶ
851 1743 1052 1782 Τυδεΐδκσ
1083 1738 1229 1793 ὦρτοΡ.

382 1809 523 1848 Etiam
557 1810 777 1849 verborum
808 1811 1131 1859 compositorum
1162 1809 1428 1859 praepositio
1458 1809 1502 1847 in
1530 1809 1651 1858 epica
1676 1809 1865 1848 dictione
1891 1813 2084 1848 anastro-

263 1876 374 1925 phae
401 1879 503 1925 apta
529 1881 644 1916 erat:
673 1878 820 1917 laxius
845 1888 944 1917 eam
973 1879 1104 1917 verbo
1130 1877 1385 1917 adhaesisse
1411 1876 1476 1915 sic
1492 1886 1661 1924 quoque
1679 1878 1879 1925 apparet;
1909 1887 1978 1916 ex.
1996 1887 2083 1925 gr.:

560 1942 637 1991 ὀψὲ
668 1952 802 1984 κακῶσ
832 1945 960 1995 ἔλθοι,
989 1942 1164 1986 ὃλέσασ
1189 1940 1278 1985 ἄπο
1312 1944 1467 1982 πάντασ
1498 1941 1682 1994 ἕταίρουσ
1696 1951 1728 1983 q.

560 2006 685 2067 ἦλθε
718 2009 755 2051 δ’
789 2009 862 2053 ἐπὶ
888 2015 1001 2064 ψυχὴ
1031 2012 1182 2063 μκτρὸσ
1212 2011 1539 2050 κατατεθνηυίκσ
1552 2020 1582 2051 7.

387 2135 415 2192 ξ
447 2138 542 2182 315.
586 2140 938 2189 Praepositiones
978 2141 1214 2188 sequentes
1246 2140 1372 2178 erant
1401 2138 1610 2178 biformes
1641 2138 1709 2177 vel
1742 2138 2014 2178 triformess:

386 2205 423 2249 1.
455 2205 596 2260 προτί,
642 2206 773 2261 πρόσ,
820 2206 933 2250 ποτί.
981 2208 1088 2247 Tres
1133 2208 1213 2246 has
1260 2206 1423 2256 figuras
1464 2206 1643 2245 exhibet
1685 2208 1837 2245 textus
1882 2207 2085 2256 traditus,

266 2275 411 2323 prisca
441 2278 590 2314 autem
623 2278 752 2323 atque
785 2276 964 2314 insolita
993 2275 1138 2314 forma
1164 2274 1281 2326 προτί
1309 2274 1380 2314 vel
1411 2274 1502 2312 ποτί
1534 2274 1704 2313 videtur
1730 2274 1801 2313 hic
1825 2273 1915 2313 illic
1941 2274 2086 2314 locum

269 2342 456 2381 cessisse
486 2343 525 2381 ei
557 2353 666 2392 quae
700 2345 853 2393 postea
884 2342 1064 2392 vulgata
1094 2342 1178 2381 fuit
1207 2341 1350 2393 n966t.
1382 2342 1452 2381 Sic
1483 2341 1655 2380 numeri
1688 2341 1819 2381 huius
1849 2352 2026 2382 versus:

358 2476 378 2495 a
410 2468 444 2495 A
466 2468 518 2497 37.
675 2467 691 2497 b
727 2479 743 2497 τ
768 2469 844 2498 326.
1005 2476 1021 2497 c
1058 2471 1091 2497 Ν
1111 2468 1187 2498 450.
1210 2468 1405 2504 Utrumque
1429 2467 1511 2497 olim
1536 2466 1765 2505 grammatici.
1912 2464 1935 2496 d
1965 2478 1987 2503 μ
2014 2466 2088 2497 181.

404 2528 420 2548 e
443 2520 498 2549 Sic
521 2520 624 2550 Arist.
647 2520 749 2559 Vesp.
776 2521 861 2551 1420
887 2522 938 2550 καὶ
961 2523 1056 2561 χάριν
1078 2524 1286 2561 προσείσομαι
1314 2519 1437 2551 melius
1461 2520 1650 2550 dirimitur:
1674 2518 1758 2558 πρὸσ
1779 2519 1910 2555 εἴσομαι,
1932 2519 2090 2558 etqratus

268 2578 323 2601 ero
346 2571 486 2611 insuper.
613 2573 644 2613 s
677 2575 711 2603 A
735 2573 811 2603 475.
942 2584 964 2613 y
1000 2577 1028 2603 B
1054 2575 1129 2603 100.
1275 2572 1295 2602 h
1328 2585 1347 2603 α
1373 2574 1402 2603 8.
1547 2571 1560 2602 i
1596 2574 1631 2601 Φ
1654 2572 1730 2601 453.
1856 2570 1884 2615 y]
1908 2569 1924 2605 ξ
1949 2571 2013 2600 268
2037 2579 2089 2608 sq.

405 2624 425 2653 k
459 2625 631 2662 Oxytonas
660 2626 766 2664 igitur
797 2627 830 2656 in
861 2626 1071 2664 anastrophe
1100 2624 1207 2656 scribi
1237 2624 1516 2664 praepositiones
1545 2626 1637 2664 ἀμφί,
1667 2625 1736 2658 ἀνά,
1766 2623 1844 2657 ἀντί,
1868 2623 1928 2658 διά,
1956 2625 2090 2653 ceteras

271 2685 352 2706 vero
386 2677 579 2714 bisyllabss
609 2687 675 2708 non
711 2679 776 2708 nisi
806 2680 978 2717 particula
1010 2679 1260 2715 intercedente,
1286 2679 1392 2717 prisci
1416 2677 1634 2716 grammatici
1664 2677 1855 2712 iusserunt;
1882 2674 1939 2705 cui
1962 2676 2090 2714 placito

270 2731 405 2759 tantum
427 2731 588 2768 ponderis
611 2730 756 2761 tribuito
780 2733 929 2770 quisque
953 2735 1121 2770 quantum
1145 2732 1252 2763 fuerit
1274 2730 1436 2761 lubitum.
1605 2729 1619 2759 l
1656 2732 1685 2759 T
1704 2730 1734 2759 3.
1906 2739 1934 2758 m
1970 2741 1988 2766 γ
2015 2728 2088 2758 137.

405 2792 426 2812 n
461 2785 492 2812 K
514 2784 590 2814 254.
780 2794 798 2815 o
835 2788 868 2815 Ψ
889 2786 964 2814 650.
1175 2795 1196 2825 p
1233 2787 1267 2813 H
1290 2785 1365 2814 163.
1566 2792 1584 2822 q
1619 2795 1628 2812 ι
1655 2782 1729 2811 534.
1944 2791 1961 2811 r
1993 2784 2009 2810 λ
2035 2781 2088 2811 84.

404 2846 421 2865 s
453 2836 527 2866 Non
562 2838 760 2876 spectamus
797 2846 887 2868 nunc
920 2838 1049 2867 formas
1080 2837 1337 2875 monosyllabas
1366 2837 1413 2871 ἄν,
1438 2838 1504 2871 κάτ,
1533 2838 1608 2874 πάρ,
1640 2835 1693 2869 fin,
1715 2834 1761 2864 ἄπ
1789 2834 2087 2873 praepositionum

271 2887 341 2921 ἀνά,
373 2891 464 2925 κατά,
495 2892 592 2930 παρά,
624 2892 694 2926 ὑπό,
724 2892 797 2926 ἀπό,
833 2891 849 2928 §
876 2892 928 2927 10,
952 2890 1014 2920 sed
1037 2890 1139 2920 aliam
1164 2889 1371 2919 varietatem
1396 2889 1556 2919 dicimus.
1581 2888 1632 2918 Cf.
1657 2888 1761 2918 etiam
1786 2884 1888 2927 περ(ι)
1911 2885 1927 2925 §
1952 2883 2032 2916 816⁵
2056 2887 2090 2915 et

272 2939 364 2972 328².
519 2945 531 2973 t
555 2943 781 2982 Amplissima
805 2945 916 2974 forma
939 2947 1032 2985 προτί
1054 2943 1115 2973 ubi
1139 2945 1232 2973 extat
1257 2941 1291 2972 in
1316 2942 1507 2978 codicibus,
1531 2943 1665 2971 tantum
1692 2948 1759 2970 non
1781 2940 1911 2977 ubique
1934 2939 2092 2976 sequitur

274 3003 338 3024 vox
361 3003 380 3023 a
401 3003 488 3025 sono
510 3008 534 3034 f
557 2995 740 3034 incipiens.
765 2996 861 3027 Unde
893 2997 1042 3026 efficitur
1073 2995 1132 3025 ubi
1156 2998 1305 3025 metrum
1331 2994 1462 3025 sineret
1484 2997 1576 3034 apori
1599 2995 1633 3023 in
1656 2995 1739 3033 πρόσ
1762 2993 1892 3030 passim
1917 2993 2087 3021 mutatum

272 3056 360 3076 esse.
381 3047 464 3077 Nam
487 3049 749 3086 recentioribus,
766 3058 887 3079 sonum
907 3061 930 3086 f
949 3049 1201 3087 ignorantibus,
1213 3057 1374 3078 versuum
1392 3048 1524 3078 numeri
1537 3046 1676 3077 obstare
1689 3044 1896 3075 videbantur
1907 3044 2090 3081 quominus

273 3101 364 3141 προτὶ
388 3101 523 3138 (notatu
545 3102 645 3131 fieret
667 3098 748 3143 πρῧσ
772 3102 862 3136 ἄστυ,
889 3104 1012 3140 sponte
1037 3110 1118 3131 vero
1143 3102 1234 3142 προτὶ
1258 3105 1365 3138 μῦθον
1389 3102 1488 3139 {fune
1513 3098 1549 3129 in
1573 3099 1657 3139 πρὸσ
1679 3101 1787 3135 μῦθον
1810 3097 1890 3126 lum
1916 3094 2045 3126 abibat.
