2234 3443
159 148 182 192 ἓ
213 145 284 190 40]
918 151 973 179 DE
1005 149 1222 179 consonis.
1893 140 1975 178 133

161 269 403 317 „desumta,
452 277 527 306 cur
570 266 633 304 ita
678 266 874 304 dicerent
913 265 1168 313 ignorantes
1198 265 1345 313 ipsi”?
1377 264 1557 303 Credere
1588 265 1629 303 id
1667 275 1747 303 nos
1778 263 1980 302 iuberent

157 335 297 374 critici
337 344 469 383 supra
511 333 858 381 commemorati,
897 332 935 371 si
971 332 1152 370 Homeri
1183 331 1228 369 hi
1259 334 1410 371 essent
1441 342 1610 370 versus,
1642 332 1765 370 Nunc
1796 341 1881 370 non
1915 333 1979 369 est

157 402 396 442 verendum
427 411 481 440 ne
512 401 610 449 quis
636 400 718 438 sibi
752 399 905 439 aliisve
934 399 1219 448 persuadeat;
1247 409 1350 437 narn
1380 400 1432 438 ad
1460 400 1702 438 socordiam
1731 399 1825 437 sive
1842 398 1980 447 ipsius

158 469 398 509 Pausaniae
430 469 525 507 sive
556 468 837 506 librariorum
871 467 1182 506 confutandam
1216 467 1299 515 ipsi
1331 469 1616 505 surrexerunt
1645 466 1824 515 lapides.
1857 466 1982 503 Anno

161 537 272 576 1876
320 535 548 584 Olympiae
594 536 775 574 inventa
822 536 890 573 est
937 544 987 573 ea
1033 543 1164 581 quam
1205 533 1449 572 Pausanias
1491 534 1662 572 dicebat
1703 529 1773 571 VIi
1817 532 1981 571 saeculi

155 605 306 645 statua
360 605 404 642 et
457 602 613 641 titulus
669 602 869 650 apparuit
915 603 1092 640 tantum
1141 611 1227 639 non
1273 602 1498 649 integera:
1545 601 1659 640 lecta
1704 601 1807 638 sunt
1851 599 1982 637 haec:

158 699 166 708 .
193 700 202 708 .
229 699 237 708 .
267 671 416 708 OFAN
444 700 450 707 .
481 700 488 706 .
518 670 769 707 ΚΡΟΝΙΔΑ
798 698 806 708 .
837 667 1866 706 ΕΥΟΛΤΜΠΙΕΚΑΛΟΝΑΓΑΛΜΑΗΙΛΕΡΟ
1893 696 1900 702 .
1931 696 1939 705 .
1971 696 1977 702 .

158 737 828 776 ΜΟΙΤΟΙΛΑΚΕΔΑΙΜΟΝΙΟ
846 766 853 773 .
872 766 879 773 .
911 737 1026 775 sive:

452 802 589 851 [δέξ]ο,
619 803 785 856 ιράνῄνιξ]
819 802 1015 852 Κρονίδα,
1047 804 1161 849 [Ζ]εῦ
1189 799 1392 852 Ὀλύμπιε,
1421 802 1543 841 καλὸν
1575 802 1744 854 ἄγαλμα,

512 868 700 923 ἱλήρωῂῖ)
734 873 890 919 θυ]μῶι
921 873 1033 909 τοῖσε
1064 870 1458 919 Λακεδαιμονίο[ισ].

276 1006 460 1046 Constat
501 1007 634 1055 igitur
676 1006 851 1053 signum
884 1021 913 1057 f
947 1016 968 1044 e
1001 1005 1278 1043 librariorum
1310 1005 1515 1044 manibus
1547 1006 1622 1044 vix
1654 1014 1839 1052 usquam
1871 1004 1981 1042 inco-

154 1075 273 1114 lume
317 1074 529 1113 evasisse.
571 1073 724 1120 Itaque
766 1082 853 1111 non
896 1075 963 1111 est
1004 1073 1117 1120 quod
1159 1073 1372 1111 miremur
1405 1073 1448 1111 in
1482 1073 1727 1112 carminum
1760 1072 1980 1120 epicorum

156 1143 282 1181 textu
324 1142 484 1180 tradito
527 1141 753 1189 digamma
793 1150 879 1178 non
922 1140 1010 1178 iam
1053 1140 1152 1191 legi,
1195 1140 1270 1178 sed
1313 1141 1350 1178 si
1381 1141 1482 1188 quid
1515 1141 1583 1179 hic
1617 1142 1685 1179 est
1715 1138 1979 1186 mirandum,

157 1211 238 1249 hoc
270 1212 349 1257 est,
380 1209 492 1257 quod
521 1218 575 1247 ex
603 1208 672 1246 his
699 1207 967 1246 carminibus
993 1207 1124 1246 citius
1152 1217 1283 1254 quam
1313 1218 1367 1246 ex
1396 1208 1495 1246 aliis
1522 1210 1723 1246 veterum
1751 1207 1977 1255 poetarum

156 1277 358 1326 operibus
391 1276 583 1315 evanuit.

275 1344 356 1383 Sed
400 1343 515 1382 aliud
558 1345 626 1381 est
671 1352 827 1380 sonum
861 1352 946 1380 non
980 1342 1170 1381 indicare
1200 1343 1338 1390 signo,
1373 1343 1490 1381 aliud
1523 1353 1628 1381 voce
1660 1352 1745 1381 non
1778 1341 1983 1391 proferre.

156 1411 252 1449 Non
294 1413 362 1449 est
403 1421 477 1449 cur
518 1420 731 1458 negemus
763 1419 919 1448 sonum
953 1420 991 1447 w
1022 1410 1066 1447 in
1098 1409 1278 1448 Homeri
1311 1410 1580 1449 carminibus
1612 1411 1684 1449 diu
1717 1410 1850 1449 etiam
1884 1410 1983 1458 post

160 1478 327 1517 vixisse
359 1489 491 1526 quam
524 1478 567 1516 in
600 1479 755 1516 Ionum
789 1479 827 1517 et
860 1478 1198 1516 Atheniensium
1232 1488 1434 1517 sermone
1468 1479 1720 1527 quotidiano
1753 1476 1893 1515 audiri
1918 1477 1985 1514 est

158 1546 348 1585 desitus:
383 1546 550 1584 vixisse
583 1544 790 1592 quamdiu
818 1546 914 1592 ipsa
947 1545 1141 1583 carmina
1168 1546 1289 1593 epiea
1319 1546 1525 1584 vixerunt
1556 1547 1599 1585 in
1633 1556 1705 1585 ore
1738 1546 1980 1584 cantorum.

158 1613 288 1653 Nulla
324 1616 392 1653 est
433 1623 566 1652 causa
607 1612 658 1651 ob
701 1622 833 1660 quam
871 1615 1054 1660 negetur
1087 1612 1286 1660 Ἀτρεΐδκσ
1319 1627 1356 1650 τε
1383 1613 1514 1665 fnium&
1546 1613 1705 1661 ἀνδρῶν
1739 1615 1781 1651 et
1813 1611 1983 1662 ἒόμισεν

158 1677 195 1718 δ’
233 1678 253 1718 ὁ
285 1679 412 1732 γέρων
444 1691 469 1719 a
496 1679 726 1728 rhapsodis
754 1680 889 1718 etiam
915 1681 1010 1718 tum
1038 1680 1287 1718 declamata
1314 1690 1410 1719 esse
1438 1691 1537 1719 cum
1555 1682 1599 1719 in
1617 1680 1820 1719 omnibus
1836 1678 1984 1717 Iliadis

158 1748 486 1797 exemplaribus
526 1746 783 1795 legebantur
823 1745 923 1792 ἅναξ
965 1750 1008 1785 et
1049 1746 1208 1784 ἔδεισεν.
1247 1747 1379 1795 Quale
1411 1748 1715 1796 appellationis
1748 1745 1982 1785 artificium

159 1824 234 1862 per
281 1815 428 1852 varias
474 1814 703 1853 hominum
751 1816 919 1853 aetates
968 1824 1066 1853 cum
1113 1815 1209 1863 ipsa
1250 1818 1344 1854 arte
1392 1816 1587 1854 carmina
1626 1816 1700 1854 illa
1731 1815 1986 1854 memoriter

158 1881 468 1929 pronuntiandi
515 1883 742 1930 propagari
790 1882 915 1920 facile
963 1883 1118 1930 potuit.
1167 1882 1311 1920 Ionem
1353 1883 1544 1931 exempli
1576 1884 1719 1931 gratia
1747 1882 1983 1931 Ephesium

156 1947 283 1987 illum
323 1949 604 1997 rhapsodum‚
639 1949 830 1988 Socratis
867 1949 1109 1997 aequalem,
1144 1950 1217 1997 qui
1247 1951 1407 1988 vividis
1439 1951 1657 1989 coloribus
1690 1952 1887 1999 depictus
1921 1951 1986 1988 est

159 2024 186 2053 a
216 2015 410 2065 Platone,
444 2026 683 2055 consonam
715 2032 745 2068 f
777 2027 882 2055 voce
916 2017 1187 2064 expressisse
1228 2017 1282 2055 iis
1322 2018 1429 2057 locis
1471 2018 1542 2056 ubi
1590 2019 1769 2067 proferri
1810 2017 1986 2056 iubebat

160 2085 351 2122 metrum
383 2084 475 2122 veri
506 2084 843 2132 haudquaquam
877 2088 944 2122 est
975 2084 1202 2123 dissimile.

278 2151 421 2190 Immo
462 2154 724 2199 argumento
768 2152 1016 2190 certissimo
1058 2154 1203 2200 potest
1236 2153 1526 2192 demonstrari
1558 2154 1782 2202 digamma
1813 2155 1983 2201 epicum

160 2217 204 2256 in
246 2228 320 2257 ore
361 2219 590 2258 hominum
634 2219 799 2257 diutius
839 2220 1006 2258 vixisse
1049 2229 1182 2267 quam
1214 2221 1258 2258 in
1289 2221 1413 2259 libris
1444 2223 1781 2270 manuscriptis;
1815 2231 1916 2260 nam
1949 2222 1987 2260 si

159 2284 286 2324 aliter
331 2296 378 2324 se
423 2286 651 2326 habuisset
697 2296 779 2335 res,
828 2287 992 2335 scripta
1033 2297 1118 2325 non
1162 2290 1311 2326 essent
1353 2290 1582 2336 quaejam
1616 2291 1771 2328 extant
1802 2289 1983 2328 tradita:

161 2350 235 2404 ἐγὼ
276 2352 372 2391 εἴπω
385 2349 418 2402 d,
458 2351 506 2392 οὔ
546 2352 603 2403 ἕε,
633 2353 676 2392 κέ
707 2353 766 2401 gf,
797 2352 845 2392 οὔ
877 2353 1017 2400 ἕθενθ,
1050 2354 1136 2392 δαῖέ
1168 2352 1249 2402 02²⁴,
1281 2357 1446 2396 omissa
1476 2357 1627 2396 littera
1658 2357 1809 2395 mobili
1824 2354 1847 2395 ί.
1881 2357 1984 2396 Her-

162 2421 298 2470 mippi
329 2423 476 2459 autem
510 2423 665 2461 comici
697 2423 865 2471 epicam
899 2422 1133 2461 dictionem
1168 2424 1475 2473 παρωιδοῦντοσ
1505 2424 1810 2463 hemistichia:
1839 2423 1919 2461 ἔστι
1945 2422 1987 2461 ὸέ

161 2496 221 2525 τῑσ
252 2483 363 2525 οἶνοσ
395 2491 460 2527 et:
494 2487 641 2527 ἀπίουσ
672 2488 738 2527 καὶ
769 2489 860 2537 ἴφια
891 2486 1021 2539 μῆλα]
1053 2490 1256 2529 videntur
1287 2493 1441 2530 testari
1477 2492 1592 2530 hunc
1620 2502 1788 2540 quoque
1804 2493 1982 2540 poetam

248 2637 268 2655 a
291 2627 416 2658 Lacon.
440 2628 539 2659 4405.
674 2628 689 2657 b
715 2641 731 2666 η
750 2630 778 2664 ÷
797 2640 831 2666 f,
856 2632 895 2658 ut
917 2628 990 2658 Ion.
1006 2629 1107 2667 5276,
1121 2638 1200 2667 pag.
1216 2630 1276 2660 131
1291 2639 1318 2660 e.
1451 2639 1468 2659 c
1484 2631 1595 2661 Sonus
1608 2631 1722 2660 finalis
1737 2632 1874 2661 articuli
1888 2631 1983 2669 τοῖο.)

162 2677 385 2710 assimulatus
414 2682 467 2710 est
498 2689 580 2710 sono
604 2683 774 2719 sequenti,
799 2687 837 2713 ut
859 2682 989 2722 passim
1014 2682 1050 2712 in
1073 2681 1361 2720 inscriptionibus
1387 2682 1564 2721 Gortyniis
1589 2686 1623 2713 et
1645 2684 1888 2713 Locrensibus·
1913 2684 1987 2719 Qua

161 2739 198 2761 re
228 2740 296 2762 non
330 2733 447 2770 agnita
477 2731 512 2762 in
536 2733 809 2772 interpretandis
832 2734 959 2774 lapidis
985 2736 1092 2773 signis
1117 2735 1256 2765 errabat
1278 2735 1411 2765 Ahrens
1434 2734 1556 2766 Philol.
1584 2737 1680 2772 1879,
1704 2737 1766 2766 239
1792 2745 1842 2774 sq.
1871 2737 1927 2774 (=
1940 2736 1985 2766 kl.

162 2783 258 2814 Schr.
293 2784 309 2814 I
345 2785 409 2814 312
445 2786 536 2822 sqq.)
571 2794 719 2824 eumque
755 2786 868 2817 secuti
901 2788 1009 2818 Roehl
1049 2787 1137 2817 IGA.
1171 2788 1211 2818 75
1249 2790 1283 2817 et
1319 2788 1408 2824 add,
1436 2787 1559 2818 Kaibel
1589 2790 1706 2827 Epigr.
1739 2789 1816 2828 743,
1838 2789 1984 2819 Roberts

163 2835 362 2874 Epigraphy
391 2836 408 2866 Ι
436 2838 512 2867 262.
646 2838 669 2868 d
688 2851 710 2875 μ
735 2840 810 2869 213.
946 2850 962 2869 e
987 2840 1017 2869 Ω
1042 2841 1118 2870 214.
1254 2840 1277 2876 f
1295 2844 1315 2870 1
1338 2842 1411 2871 155.
1543 2851 1565 2881 y
1589 2843 1623 2871 A
1651 2843 1723 2871 114.
1859 2841 1879 2870 h
1904 2844 1930 2871 Ε
1953 2844 1983 2871 4.

296 2888 308 2918 i
331 2890 505 2919 Hermann
540 2890 678 2929 Orphic.
715 2892 777 2921 773
802 2900 889 2931 sqq„
923 2893 1105 2923 Hoffmann
1137 2893 1276 2929 Quaest.
1301 2894 1401 2923 Hom.
1427 2894 1462 2923 11
1488 2894 1526 2923 17
1555 2903 1642 2933 sqq„
1664 2895 1797 2931 Rumpf
1818 2893 1984 2924 Fleckeis.

160 2941 280 2972 Jahrb.
305 2943 358 2976 81,
387 2943 463 2977 671,
485 2943 627 2973 vHartel
651 2945 752 2977 Hom.
776 2945 873 2978 Stud.
897 2945 950 2975 III
976 2946 1029 2981 79,
1053 2945 1191 2976 vChrist
1214 2946 1350 2984 Proleg.
1375 2946 1414 2975 Il.
1442 2948 1517 2983 154,
1547 2946 1711 2976 Ludwich
1733 2947 1834 2976 Arist.
1855 2947 1890 2976 ΙΙ
1910 2948 1984 2985 284,

160 2992 270 3023 Cauer
293 2994 406 3024 Praei.
430 2995 470 3024 Il.
494 2994 581 3025 XIV.
605 2996 645 3025 In
670 2996 836 3027 Herodoti
862 3007 999 3035 quoque
1024 3001 1122 3028 textu
1145 3008 1248 3029 voces
1272 2999 1307 3028 οὔ
1331 3002 1358 3029 οὶ
1379 3000 1394 3028 Ι
1418 3000 1493 3036 109,
1514 3000 1576 3029 132
1597 2999 1632 3029 II
1654 3001 1717 3029 110
1738 3000 1783 3030 IV
1796 3001 1836 3029 43
1850 3000 1983 3030 hiatum

160 3046 290 3076 habent
320 3047 379 3085 qui
410 3056 513 3077 verus
543 3047 662 3078 hiatus
692 3049 774 3079 olim
798 3059 865 3080 non
893 3051 970 3086 fuit,
993 3060 1048 3080 res
1072 3060 1239 3089 perquam
1265 3052 1438 3087 notabilis,
1462 3052 1622 3089 quoniam
1648 3051 1774 3082 ceteris
1796 3052 1882 3082 locis
1906 3055 1983 3082 ante

163 3099 318 3129 vocalem
343 3099 510 3138 scriptum
538 3104 590 3131 est
613 3103 678 3131 οὐκ.
805 3101 827 3141 j
850 3103 1029 3142 Hermipp.
1053 3104 1095 3134 fr.
1121 3103 1179 3134 82ὃ
1202 3107 1236 3134 et
1262 3102 1344 3134 63¹⁷.
