2234 3443
903 143 1161 171 PRAEFATIO.
1892 134 1911 171 1
1922 134 1941 171 1

124 261 261 301 oculis
293 268 529 308 usurpasse
560 257 788 306 Euripides
818 256 1024 295 sumsita.
1052 257 1255 295 Herculis
1277 256 1450 295 litteras
1477 256 1732 304 obsignatas
1759 266 1945 295 comme-

125 327 315 367 moravit
357 322 635 375 Sophoclesb,
675 326 754 363 nec‘
787 333 873 362 non
905 323 1179 362 mentionem
1222 323 1328 362 fecit
1363 323 1515 371 scripti
1548 323 1736 371 catalogi
1768 323 1949 362 nomina

124 405 275 443 regum
304 396 456 433 contra
482 393 655 431 Troiam
680 391 855 430 foedere
881 390 1132 429 iunctorum
1160 391 1355 439 ipsorum
1379 390 1636 437 aequalibus
1654 390 1904 429 exhibentis
1918 397 1948 428 ⁶.

124 461 458 511 Amphitryonis
475 460 748 509 epigramma
765 459 926 498 Thebis
943 458 1102 506 legisse
1124 469 1171 497 se
1194 458 1378 506 putabat
1396 458 1645 496 Herodotus
1659 455 1692 506 d,
1712 459 1755 496 et
1772 457 1949 496 Herculi

125 530 282 569 Linum
314 528 532 567 scribendi
558 528 822 576 magistrum
855 527 1010 566 tribuit
1042 526 1342 565 Theocrituse.
1373 525 1548 574 Sisyphi
1579 524 1646 563 vel
1677 524 1951 573 imprimendi

125 599 219 635 arte
249 596 321 635 diu
353 597 456 634 ante
486 595 698 634 Kosteros
735 594 1140 642 Gutenbergiosque
1172 594 1352 632 inventa
1384 593 1582 631 fraudem
1617 592 1823 639 Autolyci
1854 601 1949 629 con-

127 664 295 703 futasse
320 662 544 702 finxerunt
575 658 694 701 aliis.
727 661 1228 700 Pseudo-demosthenes
1255 659 1626 698 commemoravit
1654 659 1787 697 verba
1814 658 1953 706 cippo,

128 741 258 780 quem
316 730 473 769 Thesei
529 731 675 769 aetate
734 731 930 768 erectum
989 738 1085 766 esse
1148 728 1457 776 arbitrabatur,
1516 727 1772 775 inscriptaff.
1840 725 1951 774 Quin

126 796 318 845 epistula
358 796 621 844 Sarpedonis
661 805 798 834 manu
839 795 1004 843 scripta
1044 795 1238 833 innotuit
1283 794 1436 843 Plinio,
1479 794 1573 842 ipso
1616 795 1766 834 tamen
1811 792 1953 831 iudice

127 864 276 913 spuria
290 859 322 902 1⁵.
355 863 510 911 Itaque
543 863 615 910 qui
646 862 872 902 finxerunt
905 862 1188 901 heroinarum
1223 861 1437 910 epistulas
1465 864 1508 899 et
1537 861 1707 909 Dictyis
1733 859 1956 899 Cretensis

130 932 200 970 vel
239 931 413 970 Daretis
455 931 631 979 Phrygii
666 930 1027 978 commentarios,
1062 928 1282 968 habebant
1315 932 1517 967 auctores
1550 928 1706 975 quibus
1737 926 1954 965 fictionem

129 1008 258 1037 suam
290 1001 535 1037 tuerentur.

245 1065 404 1104 Poetas
434 1067 583 1119 autern
616 1066 761 1114 epicos
793 1068 886 1104 arte
918 1065 1135 1104 scribendi
1167 1064 1219 1102 ad
1253 1063 1452 1102 carmina
1485 1062 1708 1101 condenda
1734 1071 1838 1099 usos
1859 1070 1956 1099 esse

131 1133 260 1172 multi
292 1131 583 1181 affirmarunt,
618 1133 749 1171 multi
781 1135 1013 1181 negarunt.
1047 1133 1214 1180 Nempe
1246 1132 1353 1170 certi
1385 1130 1492 1169 nihil
1525 1130 1605 1168 hac
1633 1130 1684 1167 de
1711 1138 1755 1167 re
1782 1124 1958 1166 scituri.

130 1201 304 1239 Primos
343 1200 519 1247 quidem
563 1202 687 1238 vates
719 1200 879 1239 litteris
911 1210 1014 1238 usos
1047 1201 1135 1238 veri
1170 1201 1238 1238 est
1270 1197 1633 1236 dissimillimum.
1668 1195 1775 1244 Quid
1808 1195 1959 1233 enim?

131 1268 340 1306 Memoria
384 1267 495 1306 satis
542 1267 746 1306 valebant
793 1268 846 1306 ad
894 1268 1098 1316 poemata
1144 1267 1257 1305 haud
1300 1266 1362 1304 ita
1403 1266 1553 1313 magni
1586 1264 1779 1302 ambitus
1809 1263 1958 1300 mente

131 1334 538 1383 comprehendenda
565 1338 607 1374 et
634 1337 863 1383 servanda,
895 1335 1110 1374 canebant
1137 1337 1286 1373 autem
1314 1333 1588 1373 auditoribus
1613 1343 1638 1370 a
1664 1341 1849 1379 quorum
1867 1330 1960 1368 vita

130 1403 228 1441 libri
275 1402 407 1441 alieni
450 1400 614 1442 erantj.
660 1403 880 1451 Odysseae
921 1406 1050 1452 poeta
1092 1413 1271 1441 caecum
1309 1412 1392 1440 non
1427 1399 1632 1439 finxisset
1663 1398 1961 1460 Demodocum

133 1473 372 1519 cantorem,
405 1479 536 1518 quem
569 1471 693 1509 Musa

488 1534 688 1587 ὀφθαλμὼ
720 1535 792 1587 μὲν
824 1536 983 1586 ἄμερσε,
1008 1533 1143 1574 ’δίδου
1178 1533 1212 1574 ὀ’
1248 1534 1391 1574 ἡδεῖαν
1422 1531 1614 1577 dotantur&

130 1606 168 1644 si
202 1605 497 1644 vetustissimi
529 1605 646 1644 illius
679 1606 776 1644 aevi
809 1607 960 1654 poetas
992 1605 1224 1653 scripsisse
1258 1605 1458 1652 putasset
1490 1604 1533 1641 et
1565 1602 1617 1640 ad
1646 1601 1840 1639 carmina
1867 1609 1962 1637 con-

131 1673 272 1712 denda
302 1674 443 1711 artem
475 1673 692 1712 scribendi
724 1673 903 1712 omnino
930 1672 1133 1711 duxisset
1160 1672 1471 1710 necessariam.
1500 1670 1552 1708 Et
1579 1668 1733 1717 hymni
1751 1666 1965 1716 Apollinis

119 1743 272 1789 poeta,
305 1740 379 1788 qui
412 1740 602 1779 Homero
635 1740 776 1780 multo
804 1740 886 1778 fuit
919 1740 1149 1788 recentior,
1184 1748 1362 1777 caecum
1394 1747 1441 1776 se
1475 1737 1700 1786 professus
1731 1737 1799 1774 est
1829 1735 1922 1782 ipse
1939 1730 1964 1772 l.

223 1899 243 1918 a
266 1889 348 1919 Eur.
372 1890 413 1919 fr.
440 1890 520 1919 37οε
546 1889 658 1918 δέλτων
684 1888 708 1917 τ’
735 1890 969 1923 &mutilaverat
997 1893 1091 1926 γῆρυν
1112 1886 1118 1926 Ι
1139 1886 1175 1915 ἂν
1200 1888 1292 1924 σοφοὶ
1317 1887 1466 1915 κλέονται.
1669 1882 1684 1911 Ι)
1710 1882 1814 1919 Soph.
1841 1880 1966 1910 Trach.

136 1942 200 1972 157
224 1949 299 1979 sqq.
489 1951 505 1971 c
528 1942 631 1980 Soph.
658 1941 699 1971 fr.
727 1941 801 1971 150.
993 1939 1015 1968 d
1037 1939 1192 1969 Hei-odoi
1226 1939 1253 1969 V
1278 1939 1331 1968 59.
1518 1945 1534 1966 e
1558 1936 1732 1966 Theocrit.
1759 1933 1866 1963 XXIV
1891 1934 1966 1963 103.

159 1992 161 1996 ’
266 1993 290 2031 f
309 1995 461 2034 Σίσυφοσ,
486 1996 674 2024 Αὐτολύκου
698 1998 757 2023 τὰσ
781 1998 861 2032 βοῦσ
891 1995 987 2022 αὑτοῦ
1021 1993 1211 2021 κλέπτοντοσ
1236 1993 1400 2024 πολλάκισ,
1426 1995 1495 2019 tato
1521 1991 1636 2026 χηλαῖσ
1661 1992 1720 2015 τῶν
1743 1990 1825 2025 βοῶν
1850 1982 1967 2021 ἐνέτηξε

133 2047 302 2087 μόλυβδον,
337 2045 373 2076 ὧι
407 2052 594 2087 χαρακτῆρα
630 2049 780 2086 ἐνήρμοσε
815 2047 983 2085 γράμματα
1021 2047 1223 2074 ἐκτυποῦντα·
1265 2045 1476 2079 „damnumst
1515 2042 1667 2078 ἔκλεψεν*
1709 2041 1770 2068 κτέ.
1805 2038 1968 2073 Polyaen.

135 2099 284 2137 Stratag.
310 2099 355 2129 VI
380 2101 434 2136 52,
457 2098 631 2139 satyricum
657 2098 797 2136 aliquod
824 2097 934 2128 drama
960 2105 1136 2127 enarrans.
1267 2106 1289 2136 9
1310 2095 1490 2126 Demosth.
1510 2093 1587 2123 LIX
1608 2093 1626 2130 ξ
1651 2092 1703 2121 76.
1840 2089 1859 2119 h
1880 2087 1968 2118 Plin.

137 2152 221 2182 XIII
254 2152 295 2182 27
334 2154 369 2181 et
403 2152 533 2182 similia
563 2152 644 2181 Eur.
676 2151 753 2189 Iph.
787 2151 888 2180 Taur.
921 2151 985 2179 584
1010 2150 1087 2187 Iph.
1120 2149 1198 2178 Aul.
1225 2150 1265 2178 35
1299 2149 1339 2178 fr.
1366 2149 1442 2178 629.
1575 2144 1712 2183 iApud
1737 2144 1823 2172 alias
1847 2145 1968 2180 gentes

134 2205 238 2243 longa
268 2205 421 2234 carmina
445 2205 519 2234 sine
544 2204 736 2233 litterarum
762 2212 829 2241 ope
853 2205 935 2232 eunt
959 2205 1039 2231 nata
1063 2204 1098 2231 et
1120 2202 1163 2231 ad
1187 2203 1345 2239 posteros
1371 2200 1586 2230 transmissa.
1737 2196 1759 2235 j
1782 2196 1837 2226 Sic
1861 2194 1968 2225 medi-

137 2256 250 2288 novali
279 2257 374 2295 quod
404 2256 474 2287 dici
503 2257 593 2287 solet
619 2265 703 2286 aevo
734 2254 798 2285 viri
823 2255 957 2285 nobiles
983 2255 1262 2293 aspernabantur
1285 2256 1376 2283 artes
1400 2252 1539 2290 legendi
1567 2254 1601 2281 et
1625 2249 1812 2280 scribendi.
1836 2248 1903 2279 Sed
1927 2247 1969 2277 ad

137 2319 211 2340 rem
246 2319 351 2348 quam
384 2309 534 2340 dicimus
569 2309 877 2339 demonstrandam
910 2308 995 2337 nihil
1027 2308 1120 2337 valet
1143 2316 1276 2342 versus,
1299 2315 1368 2344 quo
1392 2305 1494 2335 multi
1519 2304 1620 2334 abusi
1645 2304 1735 2337 sunt,
1764 2305 1798 2331 H
1821 2302 1894 2331 187.
1919 2300 1970 2330 Ad

138 2371 242 2401 quem
273 2371 412 2393 versum
449 2361 668 2393 Aristonicus
708 2360 903 2391 annotavit:
945 2363 982 2399 „vj
1018 2361 1111 2398 διπλῆ
1147 2361 1193 2389 ὅτι
1229 2361 1264 2388 οὐ
1292 2361 1454 2399 γράμμασι
1479 2363 1536 2395 τῆσ
1559 2355 1679 2390 λέξεωσ,
1703 2355 1765 2384 ἀλλ’
1794 2351 1971 2393 ἐγχαράξασ

139 2413 282 2454 σημεῖα.”
319 2415 466 2454 Appicta
501 2414 608 2451 igitur
637 2415 733 2453 diple
758 2414 979 2443 Aristarchus
1006 2413 1173 2442 docuerat
1195 2413 1334 2450 poetam
1358 2409 1481 2440 Iliadis
1500 2410 1561 2439 illo
1586 2409 1661 2438 loco
1686 2416 1752 2437 non
1778 2406 1820 2436 de
1844 2405 1971 2435 litteris

139 2468 202 2498 sed
236 2468 280 2498 de
303 2468 381 2498 aliis
405 2469 514 2506 signis
545 2477 622 2498 esse
654 2468 822 2502 locutum,
846 2475 912 2496 non
937 2467 1113 2504 pertinere
1136 2465 1242 2502 igitur
1265 2472 1405 2494 versum
1430 2462 1529 2492 illum
1555 2462 1595 2491 ari
1619 2463 1743 2498 ζήτησιν
1767 2468 1842 2489 eam
1865 2466 1970 2495 quam

139 2520 313 2559 Iosephus
347 2529 374 2550 c.
412 2519 536 2559 Apion.
571 2521 588 2550 I
624 2521 642 2549 2
678 2519 781 2549 dixit:
819 2520 866 2555 „el
898 2521 1079 2559 γράμμασιν
1115 2520 1253 2557 ἐχρῶντο
1281 2519 1309 2546 οἱ
1341 2514 1470 2556 ἥρωεσ.”
1493 2515 1582 2545 Vera
1605 2513 1772 2552 utilisque
1795 2513 1881 2542 haec
1905 2510 1972 2540 fuit

140 2573 331 2603 Aristarchi
365 2573 576 2603 observatio.
607 2572 702 2608 Quae
726 2580 808 2602 vero
833 2573 868 2600 in
901 2571 1043 2600 scholiis
1075 2569 1193 2599 addita
1224 2570 1406 2607 leguntur:
1435 2570 1483 2604 „et
1506 2569 1563 2607 γὰρ
1589 2573 1701 2598 nomam
1726 2567 1851 2605 ἤιδεσαν
1874 2566 1971 2604 γράμ-

141 2637 235 2663 ματα,
259 2627 320 2656 ἔδει
345 2626 398 2655 τὸν
421 2630 539 2667 κήρυκα
563 2627 738 2662 ἀναγνῶναι
765 2625 815 2654 καὶ
840 2625 916 2653 τοὺσ
936 2623 1050 2652 &Move
1076 2620 1124 2652 oio
1147 2622 1346 2652 ἐπεδείκνυτο
1371 2622 1385 2650 ὁ
1411 2619 1561 2661 κλῆροο”,
1586 2629 1626 2650 ea
1644 2619 1843 2650 Aristarcho
1864 2617 1972 2647 omni-

139 2688 226 2710 nove
247 2678 381 2709 homini
403 2679 567 2718 prudenti
593 2687 660 2707 non
685 2680 766 2707 sunt
789 2676 1014 2715 imputanda;
1039 2685 1118 2705 nam
1144 2676 1179 2704 in
1205 2673 1261 2704 his
1285 2672 1404 2703 verbis
1427 2675 1544 2711 inepte
1569 2675 1623 2703 est
1647 2674 1829 2711 peccatum
1853 2672 1973 2699 contra

139 2730 225 2761 artie
248 2731 453 2761 dialecticae
480 2733 679 2769 praecepta.
703 2729 877 2760 Heroibus
896 2728 1033 2758 litteras
1058 2728 1215 2765 cognitas
1240 2728 1350 2757 fuisse
1374 2735 1391 2755 e
1415 2728 1540 2764 poetae
1563 2725 1680 2755 verbis
1703 2723 1763 2753 illo
1788 2724 1862 2752 1000
1882 2721 1974 2752 effici

141 2784 272 2822 nequit,
311 2783 373 2813 sed
399 2784 556 2822 cognitas
585 2783 628 2812 iis
659 2792 721 2812 non
745 2781 856 2812 fuisse
881 2780 991 2810 nihilo
1015 2779 1128 2818 magis
1151 2780 1230 2810 inde
1258 2773 1375 2819 potest
1400 2779 1503 2809 effici.
1524 2777 1636 2808 Immo
1660 2776 1834 2807 noluerunt
1852 2775 1976 2805 heroes

143 2835 251 2875 signis
280 2836 316 2866 in
347 2837 474 2874 vulgus
497 2837 588 2865 notis
612 2838 721 2864 sortes
746 2844 828 2865 suas
852 2837 988 2870 notare3
1016 2834 1209 2863 cavendum
1234 2834 1324 2863 enim
1352 2834 1425 2862 erat
1448 2841 1491 2861 ne
1515 2831 1571 2860 cui
1595 2829 1702 2860 dubia
1726 2830 1844 2868 posset
1867 2828 1975 2858 videri

142 2889 230 2919 fides
259 2889 464 2928 sortitionis,
496 2897 563 2926 qua
594 2886 629 2916 in
659 2887 802 2917 deorum
828 2888 1042 2916 voluntatem
1073 2885 1328 2923 inquirebatur.
1356 2885 1468 2913 Etiam
1493 2883 1668 2912 infelicius
1689 2884 1724 2911 et
1749 2889 1892 2919 prorsus
1915 2880 1974 2910 ab·

143 2941 248 2972 surde
271 2942 314 2971 ad
337 2951 485 2972 sonorum
510 2940 610 2979 rigna
634 2940 783 2976 diversa,
808 2939 936 2977 quibus
961 2940 1077 2969 variae
1102 2941 1224 2976 gentes
1247 2937 1398 2967 Graecae
1423 2937 1504 2966 olim
1532 2939 1612 2966 sunt
1633 2943 1729 2973 usae,
1748 2933 1783 2963 in
1803 2933 1975 2964 scholioB

145 2994 189 3024 ad
212 2997 245 3024 H
269 2995 331 3025 185
349 2994 525 3032 adscripto
549 2994 636 3023 haec
660 2993 871 3022 referuntur.
1008 2991 1028 3020 k
1051 2996 1076 3021 θ
1101 2993 1154 3021 64.
1291 2990 1364 3019 ΖΗ.
1390 2988 1453 3026 Ap.
1482 2989 1557 3023 172,
1584 2996 1690 3025 supra
1702 2986 1975 3025 pag.4.Nullius

143 3056 225 3078 vero
249 3048 416 3077 momenti
439 3048 473 3076 in
498 3047 561 3076 hac
585 3047 790 3082 quaestione
816 3048 870 3074 est
896 3045 1106 3080 observatio,
1131 3044 1235 3073 verbo
1255 3044 1383 3083 γράφειν
1407 3041 1440 3069 in
1465 3041 1574 3070 Iliade
1599 3041 1641 3078 (A
1658 3041 1719 3069 139
1741 3040 1847 3069 Λ388
1869 3038 1974 3067 Ν553

149 3103 175 3130 Ρ
197 3100 260 3130 599
287 3102 322 3129 Φ
349 3101 425 3131 16θῖ
453 3102 486 3130 et
510 3100 543 3129 in
569 3098 721 3135 Odyssea
746 3101 782 3135 (χ
808 3096 886 3135 280)
911 3095 1047 3126 radendi
1066 3097 1140 3126 sive
1160 3093 1343 3134 strinyendi
1362 3103 1500 3123 sensum
1516 3102 1592 3123 esse
1606 3092 1772 3122 tributum
1788 3094 1822 3121 et
1834 3093 1977 3131 γραπτῦσ
