2234 3443
211 168 293 204 166
824 177 876 205 DE
908 176 1226 205 DncmNATmNE
1256 176 1408 204 PmmA.
1793 167 1830 212 [ἓ
1863 167 1932 214 57,
1968 166 2023 205 58

328 288 441 337 Quos
489 299 695 327 numeros
741 290 815 337 qui
861 299 940 327 suo
987 290 1125 338 pretio
1173 290 1491 338 aestimaverit,
1540 299 1625 328 non
1666 289 1882 328 dubitabit
1920 290 2023 336 quin

208 356 470 404 apostropho
504 357 725 395 ornandus
756 357 814 395 sit
845 367 911 395 eX.
945 367 1007 404 gr.
1041 356 1217 396 dativus
1247 352 1486 395 ἀθανάτκισ’
1519 357 1564 395 in
1595 367 1726 396 versu
1758 357 1860 395 hoc:

504 424 632 472 μήτηρ
666 420 700 460 δ’
737 422 776 469 ἐξ
809 421 906 461 ἆλὸσ
937 417 1039 473 ἦλθε
1066 423 1142 461 σὺν
1173 420 1412 462 ἀθανάτκισ’
1448 421 1641 473 dilutura,

207 489 275 528 vel
307 489 482 528 dativus
513 485 637 528 θεοῖό
671 491 714 528 in
741 492 842 529 hoc:

499 553 647 606 ’λεῖβον
681 553 720 594 δ’
752 556 994 595 ἀθανάτοισι
1023 554 1147 595 θεοῐσ’
1184 557 1457 609 αἰειγενέτκισι
1469 555 1498 607 b,

208 632 349 670 neque
395 624 598 662 audiendi
644 624 734 662 sint
780 624 852 671 qui
899 625 1034 663 etiam
1079 624 1269 664 formam
1315 623 1544 662 ἀθανάτκισ
1589 624 1660 663 vel
1695 627 1812 663 θεοῐσ
1849 624 2029 663 dictioni

208 691 353 738 epicae
385 690 619 729 vindicent.

326 758 375 795 In
410 758 630 796 codicibus
663 759 839 806 signum
871 759 1068 797 elisionis
1096 759 1164 797 his
1196 759 1357 797 dativis
1389 769 1486 798 raro
1519 761 1587 798 est
1618 759 1839 808 appictum
1854 766 1882 798 ⁶.
1915 758 2032 808 Quae

208 823 309 862 licet
352 824 517 862 nullius
553 825 768 864 momenti
810 826 868 864 sit
909 835 992 874 res,
1034 826 1250 864 editorum
1294 828 1444 864 tamen
1481 826 1773 865 recentiorum
1805 826 2032 875 plerosque

208 892 429 939 permovit
459 895 508 930 ut
539 895 582 930 et
613 893 696 941 ipsi
728 894 1041 942 apostrophum
1073 894 1339 932 omitterent.

328 958 506 997 Rectius
549 962 700 998 autem
741 964 883 1005 -κσι(ν)
926 963 968 999 et
1007 956 1084 998 -uo’
1127 961 1352 1009 scripserit
1383 961 1601 1010 quispiam
1634 971 1766 1008 quam
1796 963 1958 1006 -κισι(ν)
1989 962 2034 999 et

208 1020 321 1063 -κισ’.
370 1027 481 1065 Nam
527 1027 609 1065 iota
649 1028 908 1076 diphthongi
951 1043 991 1065 m
1030 1030 1074 1066 in
1117 1029 1198 1067 hoc
1235 1028 1425 1067 termino
1457 1038 1588 1076 quam
1626 1028 1786 1067 habeat
1816 1028 2031 1076 originem

208 1103 293 1131 non
335 1091 515 1142 liquetd,
550 1095 593 1132 in
624 1096 800 1143 papyris
837 1098 985 1134 autem
1018 1096 1294 1135 codicibusve
1329 1095 1511 1134 minime
1536 1097 1788 1134 constanter
1819 1096 2031 1143 scriptum

209 1163 290 1208 est,
339 1165 382 1199 et
429 1162 472 1200 in
519 1163 837 1209 antiquioribus
885 1163 1028 1202 titulis
1060 1164 1220 1201 Atticis
1261 1163 1439 1202 termini
1479 1172 1564 1200 -ᾶσι
1605 1166 1649 1202 et
1678 1170 1756 1200 -ὲσι
1786 1162 2035 1210 frequentes

211 1230 356 1279 sunte,
389 1228 477 1266 rari
510 1239 611 1267 vero
644 1230 782 1270 -oumf
807 1232 851 1269 et
881 1237 1018 1269 -Ξισιθ,

328 1295 410 1333 Hic
451 1296 540 1334 illic
582 1297 624 1334 in
659 1298 786 1335 textu
822 1297 983 1336 tradito
1015 1297 1175 1346 legitur
1205 1307 1358 1336 recens
1389 1299 1432 1336 et
1465 1297 1659 1345 vulgaris
1690 1297 1907 1335 terminus
1936 1307 2037 1345 -αισ,

211 1365 408 1401 correctu
437 1363 552 1401 haud
585 1364 794 1402 difficilis:
828 1364 1033 1413 παλάμαισ
1046 1362 1078 1414 k,
1109 1362 1288 1413 ἀκταῐσί,
1317 1363 1474 1413 emtas,
1504 1359 1652 1402 πάσαισ
1666 1361 1698 1402 k.

331 1506 624 1544 Accusativus
666 1506 848 1554 pluralis
880 1508 922 1545 in
955 1507 1093 1547 Iliade
1127 1508 1195 1547 vel
1227 1508 1270 1547 in
1305 1507 1501 1556 Odyssea
1532 1507 1639 1545 nihil
1671 1507 1804 1545 habet
1833 1506 1999 1545 insoliti
2012 1503 2035 1545 ῖ.

214 1572 324 1610 Nam
357 1572 542 1611 Doricus
575 1575 857 1612 accusativus
889 1575 931 1613 in
964 1578 1084 1624 -ἅσνῑ,
1118 1585 1246 1622 quem
1280 1575 1488 1613 exhibent
1518 1573 1711 1621 hymnus
1743 1574 1975 1612 Mercuriin
1994 1574 2037 1611 et

213 1639 393 1677 Hesiodi
432 1641 628 1679 carmina
641 1649 670 1689 0,
706 1641 757 1680 ab
791 1642 985 1681 Homero
1016 1643 1099 1681 fuit
1131 1643 1314 1681 alienus.
1347 1643 1442 1681 Non
1474 1643 1591 1680 recte
1623 1642 1756 1689 igitur
1787 1642 1829 1679 in
1863 1641 2035 1688 quibus-

214 1706 315 1744 dam
351 1708 678 1755 exemplaribus
711 1709 814 1747 olim
842 1710 1005 1758 scripta
1030 1710 1208 1748 fuerunt
1238 1709 1562 1758 ncooeavsc'ob‘wl),
1592 1706 1743 1757 θηλέᾶσ
1756 1716 1786 1757 q,
1817 1701 2033 1758 πλευρὸἓσν.

333 1774 393 1812 De
427 1776 643 1814 secundae
675 1776 980 1815 declinationis
1012 1778 1263 1816 accusativo
1291 1776 1435 1815 simile
1462 1776 1563 1823 quid
1587 1776 1670 1814 erit
1697 1777 1993 1814 annotandum
2007 1782 2035 1815 ⁸.

332 1921 361 1977 ἓ
395 1924 466 1966 58.
502 1925 618 1974 Quae
650 1929 803 1975 postea
833 1931 1043 1967 contracta
1074 1930 1177 1967 sunt
1209 1928 1434 1976 vocabula,
1463 1928 1506 1966 in
1533 1927 1682 1975 lingua
1709 1928 1828 1975 epica
1845 1928 2035 1976 priscam

214 1992 402 2031 sormam
437 1994 650 2033 intactam
684 1996 818 2033 etiam
852 1996 1088 2034 servabant
1104 1996 1127 2044 t,
1162 2006 1229 2035 ex.
1264 2007 1326 2043 gr.
1359 1994 1485 2033 κυνέη
1514 1997 1670 2044 postea
1700 1998 1819 2043 κυνῆ,
1846 1989 2036 2043 Ἑρμείασ

211 2061 363 2107 postea
396 2057 562 2110 Ἑρμῆσ.
602 2062 684 2101 Sed
727 2063 949 2102 nonnullis
991 2064 1140 2102 traditi
1182 2066 1333 2103 textus
1364 2064 1471 2103 locis
1502 2063 1707 2111 leguntur
1739 2072 1848 2109 quae
1880 2062 2034 2100 discre-

214 2130 339 2174 pant:
368 2124 568 2179 ‘Epur‘r6u9
599 2131 859 2179 Kc66fi6(‘?)0‚
894 2132 1050 2180 Βορρῆσ
1065 2139 1102 2179 10,
1134 2137 1251 2181 συκῆ,
1289 2134 1384 2181 -καῖ,
1415 2137 1509 2168 -κᾶσ
1522 2140 1556 2180 -Υ,
1587 2129 1728 2179 μηλέαι
1742 2128 1779 2167 ἕλ’.

301 2342 320 2361 α
344 2345 367 2361 ω
393 2334 446 2362 47.
582 2335 598 2364 b
624 2341 645 2373 ρ’
670 2336 745 2365 432.
879 2345 895 2365 c
918 2336 1018 2365 Haud
1040 2337 1159 2373 paucis
1184 2338 1299 2365 tamen
1325 2336 1412 2365 locis
1435 2335 1668 2373 apostrophus
1692 2337 1745 2363 est
1769 2333 1896 2371 addita,
1916 2333 2034 2364 Nauck

213 2385 322 2421 praef.
348 2385 386 2414 Il.
413 2386 441 2422 Ι,
464 2387 551 2423 XIV,
578 2391 611 2417 et
634 2389 687 2417 vel
709 2389 908 2425 frequentes
933 2391 1014 2418 sunt
1036 2387 1236 2418 huiusmodi
1259 2389 1413 2426 virgulae
1438 2387 1473 2416 in
1497 2389 1629 2426 optimo
1652 2387 1826 2424 Odysseae
1851 2386 1970 2416 codice
1995 2385 2037 2421 G,

213 2437 342 2474 proleg.
378 2438 420 2466 ad
456 2439 554 2472 Hom.
588 2441 698 2470 Carm.
739 2442 834 2476 1912,
870 2441 955 2475 XLI,
992 2442 1022 2469 4.
1055 2441 1154 2477 Quod
1184 2450 1264 2470 vero
1290 2440 1444 2470 dativum
1473 2443 1582 2479 ἱερῆισι
1605 2441 1691 2469 ὠδῖσι
1717 2449 1735 2468 e
1760 2442 1897 2468 vetusto
1920 2437 2036 2477 lapide

215 2489 381 2518 afferebat
417 2490 545 2526 Nauck,
580 2501 656 2522 cum
693 2492 771 2522 aliis
808 2494 962 2529 errabat3
998 2503 1075 2523 nam
1112 2503 1200 2532 quae
1235 2494 1316 2523 olim
1354 2494 1625 2523 ΙΕΡΕὲΙΩΔΙὲΙ
1652 2493 1762 2522 lectae
1786 2494 1867 2521 sunt
1889 2491 2035 2526 litterae,

214 2550 333 2571 revera
369 2546 450 2572 sunt
487 2546 804 2575 ΤΕΛΕΣΤΩΔΙΚΗ
837 2547 908 2575 sive
948 2547 1162 2584 Τελεστοδικη,
1196 2555 1275 2585 pag.
1301 2547 1341 2575 62
1357 2545 1379 2581 i,
1410 2546 1486 2575 Par.
1515 2547 1600 2575 5431
1634 2544 1737 2582 (IGA.
1764 2546 1827 2574 402
1853 2546 1887 2573 et
1910 2543 2036 2573 melius

214 2592 339 2631 Imag.¹
362 2604 394 2633 p.
421 2596 488 2633 50).
701 2597 724 2627 d
747 2599 774 2628 E
793 2599 945 2628 secunda
974 2599 1205 2629 declinatione
1229 2599 1365 2629 videtur
1388 2597 1572 2636 irrepsisse
1597 2614 1639 2619 —
1659 2596 1695 2626 in
1721 2598 1832 2635 ipsam
1856 2599 2037 2635 poetarum

215 2647 401 2677 dictionem
427 2658 469 2677 an
495 2650 529 2678 in
555 2651 684 2688 scripta
708 2655 843 2681 tantum
870 2652 1102 2689 exemplaria?
1281 2662 1297 2681 e
1320 2651 1552 2682 Meisterhans
1576 2651 1729 2681 Gramm.
1753 2650 1785 2680 d.
1808 2651 1868 2678 att.
1892 2644 2039 2678 lusum}

217 2701 257 2728 94
276 2708 343 2737 sq.;
370 2699 453 2730 item
479 2700 593 2742 -ησι(ν)
620 2703 692 2732 Ion.
718 2702 801 2733 IGA.
828 2705 889 2734 501
916 2703 1001 2734 Coll.
1027 2702 1139 2740 51092,
1165 2702 1292 2734 541816.
1503 2704 1525 2740 f
1544 2704 1622 2733 Sive
1648 2709 1728 2732 -ᾶισι
1752 2701 1826 2731 sive
1850 2704 1929 2731 -ἅισι
1953 2700 2036 2729 haec

215 2750 314 2789 sigua
339 2757 419 2782 sunt
443 2755 713 2792 interpretanda.
855 2767 877 2795 9
901 2757 940 2785 Id
966 2759 1018 2786 est
1040 2768 1117 2795 -ηισι
1141 2756 1267 2794 priscis
1293 2756 1400 2794 siguis
1425 2756 1605 2794 scriptum.
1754 2753 1774 2783 lz
1797 2755 1832 2783 A
1857 2754 1933 2787 238,
1957 2760 2036 2790 pap-

215 2816 303 2842 -μησ,
329 2807 396 2844 leg.
421 2820 499 2845 -μηι,
668 2808 680 2837 i
704 2810 742 2837 M
769 2809 845 2842 284,
868 2809 934 2845 leg.
960 2814 1033 2846 -τῆι,
1200 2808 1221 2847 j
1245 2822 1257 2838 ο
1285 2811 1345 2839 119
1368 2814 1462 2839 &mia
1485 2810 1642 2845 ἀγάασθε,
1665 2808 1731 2844 leg.
1757 2811 1880 2843 θεῆισιν
1903 2806 2036 2842 ἄγασθε,

217 2856 338 2893 §305¹.
519 2860 539 2888 lc
563 2872 584 2897 χ
609 2861 669 2889 471
697 2863 818 2890 adamo
840 2860 845 2898 Ι
866 2861 1006 2900 ὁειρῆιοι,
1033 2862 1100 2898 leg.
1126 2862 1221 2902 δειρῆι
1243 2859 1247 2900 Ι
1269 2864 1407 2899 neronior.
1592 2860 1606 2889 l
1627 2861 1677 2890 De
1706 2859 1816 2889 vocali
1838 2864 1858 2887 ἆ
1881 2865 1958 2896 pag.
1984 2858 2037 2886 56.

350 2922 376 2940 m
402 2912 462 2941 Ex.
487 2922 535 2949 gr.
559 2913 701 2943 Theocr.
723 2913 739 2943 1
761 2915 801 2943 88
824 2913 858 2943 11
879 2915 897 2942 4
918 2912 1038 2951 (Cobet
1058 2915 1224 2944 Mnemos.
1247 2916 1344 2950 1861,
1366 2914 1456 2952 225),
1476 2914 1625 2951 Tyrt.fr.
1639 2915 1657 2942 4
1671 2913 1822 2950 δημότᾶσ,
1838 2911 1854 2940 7
1869 2911 2038 2940 δεσπότᾰσ.

350 2975 368 2993 n
394 2965 437 2994 H.
457 2966 561 2995 Mero.
578 2967 651 2996 106.
786 2976 804 2995 0
830 2966 959 3003 Theog.
985 2967 1038 3002 60,
1065 2967 1127 2996 184
1144 2964 1199 3007 (Ῥ),
1221 2968 1296 3006 267,
1318 2969 1392 3004 401,
1414 2968 1488 3002 534,
1511 2968 1587 3002 564,
1609 2966 1685 3000 653,
1706 2965 1783 3000 663,
1802 2965 1865 2993 804
1879 2961 1920 3003 (ἲ)
1936 2963 2037 2999 oper.

219 3016 281 3045 675
307 3017 345 3045 fr.
374 3019 427 3053 55,
451 3027 556 3055 supra
580 3026 657 3056 pag.
684 3019 769 3057 729.
917 3028 941 3057 p
970 3022 996 3048 ω
1021 3019 1097 3048 378.
1250 3030 1267 3058 q
1292 3022 1319 3048 E
1342 3020 1417 3049 269.
1585 3028 1602 3047 r
1625 3029 1642 3056 ρ
1669 3018 1745 3049 232.
1900 3025 1915 3045 s
1939 3016 1958 3053 ξ
1985 3017 2037 3045 60·

353 3071 365 3097 t
392 3071 408 3105 ᾗ
435 3070 464 3098 ’7.
682 3081 701 3100 u
729 3073 751 3099 E
774 3071 838 3100 390
865 3075 892 3099 Υ
916 3070 956 3100 72
981 3083 993 3099 ε
1020 3071 1060 3099 54
1086 3075 1109 3100 θ
1136 3072 1199 3100 334
1224 3071 1239 3104 ξ
1264 3073 1327 3101 435
1353 3084 1376 3100 ω
1402 3073 1417 3100 1
1445 3072 1524 3100 Hes.
1550 3070 1680 3106 Theog.
1704 3070 1781 3105 444,
1805 3069 1868 3097 938
1895 3069 1935 3097 fr.
1961 3068 2037 3098 276.

351 3130 368 3150 v
394 3123 421 3149 A
448 3122 522 3150 223.
658 3133 683 3152 w
711 3127 727 3152 Ι
750 3125 767 3153 5
798 3126 831 3152 Ψ
855 3124 928 3153 195.
1063 3134 1084 3152 :t
1111 3136 1125 3160 η
1153 3125 1214 3153 116
1238 3127 1253 3152 λ
1279 3125 1343 3153 590
1368 3136 1391 3152 ω
1416 3125 1491 3158 246,
1516 3125 1590 3152 341.
1729 3132 1750 3160 y
1777 3134 1799 3150 ω
1825 3122 1899 3151 340.
