2234 3443
226 184 281 221 34
1005 184 1264 212 PRAEFA'mo.

223 306 292 345 vel
323 302 528 353 probitati
561 300 720 339 melius
748 297 1026 337 consuluisse
1039 304 1071 335 a.
1097 296 1380 346 Quapropter,
1409 296 1446 334 si
1464 296 1565 343 quid
1583 295 1626 334 in
1646 295 1828 334 Homeri
1847 295 2049 334 carmini-

224 374 304 411 bus
331 381 355 409 a
387 379 489 409 vero
521 367 751 407 abhorrere
780 365 848 403 vel
875 374 975 403 cum
1002 363 1129 403 bonis
1151 363 1348 402 moribus
1374 373 1530 412 parum
1557 362 1790 402 convenire
1808 362 2049 411 videbatur,

223 449 323 478 cum
356 435 613 476 recentioris
645 432 743 471 aevi
774 431 1051 480 opinionibus
1077 432 1317 477 utcumque
1345 429 1660 469 conciliabatur
1687 429 1821 468 variis
1839 428 2050 478 artificiiS,

222 505 423 554 qualibus
440 505 484 542 et
500 501 669 541 Bibliae
686 500 947 547 interpretes
963 508 1093 546 saepe
1110 498 1216 536 sunt
1232 497 1315 536 usi.
1335 497 1404 536 Sic
1417 497 1709 549 Thucydides,
1721 496 1835 535 haud
1849 496 2053 535 credulus

223 573 416 622 profecto
442 572 572 609 homo
598 577 736 614 neque
763 566 913 614 segnis
939 566 982 604 in
1008 575 1156 604 rerum
1175 564 1364 603 veritate
1380 564 1701 612 investiganda,
1721 574 1820 602 cum
1840 564 2050 603 traditum

224 639 465 689 accepisset
490 637 676 675 Boeotos
695 633 930 682 sexaginta
947 633 1076 671 annis
1093 633 1192 681 post
1209 631 1363 670 Troiae
1381 632 1602 670 excidium
1621 631 1838 679 migrasse
1854 632 1898 670 in
1916 632 2053 679 regio-

222 717 324 746 nem
348 716 460 753 eam,
493 714 605 752 quae
639 702 690 741 ab
722 701 833 750 ipsis
860 701 960 739 dein
992 710 1152 739 nomen
1186 700 1353 748 habuit,
1384 709 1470 738 non
1489 701 1566 738 aut
1583 699 1697 737 hanc
1714 699 1880 738 famam
1900 700 2052 738 reiecit

223 776 300 813 aut
331 774 372 812 id
405 771 517 820 quod
549 770 723 809 rettulit
755 769 987 817 Homerus,
1022 768 1137 806 inter
1162 768 1358 806 Achivos
1383 767 1559 805 Troiam
1586 768 1888 815 oppugnantes
1914 766 2051 805 fuisse

223 852 303 880 sex
329 840 454 878 milia
479 839 742 877 Boeotorum
770 847 791 875 e
813 835 1017 884 plurimis
1040 836 1247 875 Boeotiae
1264 835 1447 874 urbibus
1465 834 1748 873 oriundorum
1764 830 1793 883 b,
1813 834 1890 873 sed
1908 834 2053 873 fallaci

222 906 605 957 argumentatione
650 904 693 942 id
739 903 909 943 efficere
956 905 1143 942 conatus
1192 904 1260 941 est
1306 904 1354 941 ut
1401 902 1523 951 prius
1564 902 1608 940 in
1650 901 1832 940 Boeotia
1863 901 2053 940 fuissent

222 976 373 1015 Boeoti
417 983 549 1022 quam
595 971 702 1010 illuc
749 970 1015 1009 venissentc.
1063 969 1352 1018 Frugalitatis
1400 971 1550 1008 autem
1592 969 1852 1018 praeceptis,
1895 968 2054 1017 quibus

221 1045 421 1083 ludorum
467 1039 670 1088 magistri
711 1048 870 1087 pueros
911 1037 1201 1087 instruebant,
1244 1047 1298 1076 ne
1341 1036 1565 1075 adversari
1607 1036 1830 1075 videretur
1870 1036 2055 1075 Achillis

222 1112 274 1150 ad
321 1108 574 1149 Patroclum
617 1106 824 1146 verbum:
869 1105 1087 1156 ζωρότερον
1124 1102 1165 1143 δὲ
1207 1104 1338 1156 κέραιε
1354 1098 1387 1152 ά,
1430 1105 1549 1143 fuere
1582 1104 1654 1152 qui
1687 1102 1735 1142 οὐ
1768 1103 1809 1142 τὸ
1841 1102 2051 1154 ἀκρατό-

222 1192 384 1229 τερον,
415 1174 470 1214 ὡσ
503 1173 755 1223 οἰνόφλυξιν,
784 1171 883 1211 ἀλλὰ
914 1171 956 1211 τὸ
987 1176 1185 1211 θᾶττον
1218 1173 1655 1221 interpretarenture.
1693 1172 1747 1210 Et
1778 1172 1821 1210 in
1851 1171 2054 1210 versibus

220 1243 532 1294 pulcherrimis
563 1242 706 1280 hisce:

575 1306 631 1346 ὥσ
661 1303 696 1346 δ’
734 1304 783 1345 ὅτ’
820 1305 863 1345 ἐν
894 1305 1073 1357 οὗρανῶι
1104 1304 1228 1356 ἄστρα
1260 1308 1436 1355 φαεινὴν
1468 1304 1571 1356 ἀμφὶ
1605 1307 1782 1345 σελήνην

576 1370 725 1425 φαίνετ’
762 1372 998 1425 ἀριπρεπέα,
1029 1373 1091 1413 ὅτε
1122 1370 1148 1412 τ’
1185 1372 1321 1413 ἔπλετο
1354 1375 1531 1424 νήνεμοσ
1568 1372 1732 1424 αἰθήρ]

219 1457 273 1486 ne
317 1445 448 1485 lunae
493 1444 662 1492 fulgore
709 1444 1014 1492 premerentur
1060 1443 1183 1491 ignes
1230 1442 1439 1491 minores,
1499 1442 1620 1481 fuere
1668 1442 1742 1489 qui
1782 1441 2051 1480 novilunium

220 1515 414 1554 facerent
447 1512 622 1551 litteras
662 1511 851 1550 traditas
892 1510 1226 1559 interpretando
1269 1509 1364 1558 φάει
1402 1514 1479 1548 νῆν
1512 1510 1605 1548 sive
1638 1510 1724 1548 luce
1754 1519 1919 1558 novam,
1956 1518 2054 1547 con·

219 1581 376 1620 tractis
406 1579 637 1618 nominum
667 1577 823 1616 formis
854 1577 1000 1626 ipsum
1047 1577 1195 1616 Lunae
1228 1576 1377 1615 lumen
1409 1577 1683 1615 contractum
1715 1576 1903 1614 fortasse
1921 1576 2055 1624 signi·

220 1648 415 1688 ficantes.
457 1647 552 1685 Hoc
586 1646 765 1685 demum
803 1646 872 1684 est
902 1645 1078 1693 sapere!
1114 1645 1196 1683 Sed
1229 1644 1443 1683 cumulari
1475 1643 1680 1693 exempla
1709 1653 1795 1683 non
1829 1645 1896 1682 est
1928 1653 2054 1693 opus.

340 1714 549 1764 Quicquid
582 1714 732 1752 autem
758 1722 845 1751 non
871 1713 1044 1761 poterat
1070 1712 1133 1751 ita
1160 1712 1371 1761 explicari
1397 1713 1445 1750 ut
1463 1712 1756 1751 recentiorum
1775 1711 2053 1759 opinionibus

154 1779 162 1784 ’
220 1783 345 1823 fieret
390 1776 646 1831 congruum,
695 1782 770 1820 aut
816 1779 1079 1819 mutandum
1127 1779 1379 1827 ducebatur,
1429 1780 1467 1818 si
1515 1778 1607 1819 fieri
1653 1779 1695 1818 id
1742 1781 1926 1828 poterat,
1976 1780 2056 1817 aut

221 1850 470 1890 delendum.
530 1849 682 1896 Itaque
737 1847 1048 1886 Aristodemus
1094 1847 1273 1895 quidam
1321 1847 1646 1896 grammaticus
1694 1856 1795 1885 cum
1842 1855 2051 1884 versuum

220 1926 427 1956 numeros
472 1917 514 1954 et
556 1914 791 1955 verborum
824 1916 1083 1953 contextum
1116 1924 1141 1952 a
1172 1914 1318 1962 pueris
1348 1913 1490 1952 tutius
1523 1913 1750 1952 contemni
1781 1922 1911 1961 posse
1943 1912 2055 1952 arbi·

219 1986 409 2023 traretur
450 1992 581 2032 quam
622 1983 833 2032 pietatem
876 1983 920 2021 et
959 1981 1229 2030 pudicitiam,
1264 1981 1547 2029 negationem
1581 1979 1769 2019 inseruit
1805 1979 1876 2018 his
1907 1980 2056 2019 verbis

220 2051 475 2091 Phoenicis:
513 2052 673 2099 „mater
701 2049 925 2088 identidem
957 2047 1140 2098 efflictim
1172 2059 1237 2087 me
1264 2048 1521 2098 precabatur
1544 2047 1684 2097 patris
1715 2041 1797 2085 mei

575 2117 790 2155 παλλακίδι
820 2112 1097 2168 προμιγήμεν’,
1127 2113 1173 2154 ἵν’
1210 2114 1394 2167 ἐχθήρειε
1424 2114 1605 2167 γέροντα.

573 2189 636 2223 τῆι
672 2182 801 2225 <οὐ>
842 2180 1045 2233 ’πιθόμκν
1076 2182 1143 2221 καὶ
1175 2182 1360 2234 ἐ’ρεξα”9.

220 2290 324 2322 Conv.
364 2294 382 2320 4
419 2291 437 2328 ξ
476 2293 494 2320 6
530 2298 624 2330 sqq.;
657 2288 810 2327 graviter
842 2297 921 2319 vero
952 2289 1041 2319 hanc
1074 2288 1274 2328 opinionem
1306 2288 1509 2327 improbans
1539 2289 1700 2319 Socrates
1735 2286 1828 2326 apud
1851 2287 2047 2317 Platonem:

218 2349 309 2374 τινῶν
344 2345 498 2380 ἀκούομεν
532 2344 578 2373 ὅτι
616 2341 700 2372 οὗτοι
730 2342 918 2378 (Homerus
952 2344 986 2372 et
1017 2343 1076 2380 qui
1106 2351 1185 2372 eum
1210 2344 1291 2372 sunt
1314 2341 1480 2381 insecuti)
1504 2344 1613 2371 πάσαα
1636 2342 1692 2378 μέν
1716 2341 1834 2379 τέχνασ
1857 2342 2053 2372 ἐπίστανται,

219 2400 322 2426 πάντα
358 2397 391 2426 δὲ
425 2397 463 2426 τὰ
498 2397 682 2435 ἀνθρώπεια
717 2396 754 2424 τὰ
790 2395 873 2436 πρὸσ
907 2394 1018 2435 ἀρετὴν
1052 2396 1103 2425 καὶ
1133 2397 1254 2429 κακίαν,
1292 2396 1343 2424 καὶ
1374 2396 1412 2423 τά
1437 2406 1470 2432 γε
1496 2398 1583 2429 θεῖα,
1606 2396 1676 2428 aad„
1701 2394 1786 2431 Rep.
1811 2393 1875 2422 598
1888 2390 1919 2421 d.
1943 2389 2048 2420 Cuius

217 2449 391 2488 opinionis
427 2450 581 2478 vetustae
621 2448 707 2477 echo
743 2447 915 2485 quaedam
947 2447 1146 2477 etiamnunc
1176 2447 1369 2486 percipitur
1394 2447 1428 2476 in
1452 2446 1551 2477 libris
1575 2445 1783 2484 quibusdam
1807 2442 2048 2474 recentiorum.

218 2502 386 2540 Exemplo
410 2501 454 2530 sit
477 2501 527 2530 vir
552 2501 674 2530 doctus
696 2500 738 2535 is,
762 2500 820 2538 qui
848 2500 1127 2530 demonstratum
1151 2500 1213 2530 ivit
1235 2499 1387 2530 medicum
1411 2500 1521 2530 fuisse
1545 2501 1745 2535 Homerum,
1770 2498 1900 2536 quippe
1924 2496 2049 2527 artium

217 2553 434 2592 chirurgicae
465 2556 568 2590 atque
604 2553 820 2583 anatomicae
847 2553 1112 2591 peritissimum,
1139 2551 1182 2583 H.
1212 2551 1359 2588 Frolieh,
1383 2553 1438 2582 die
1462 2551 1743 2583 Militarmedizin
1768 2552 1925 2586 Homer-s,
1952 2549 2048 2579 1879.

350 2616 370 2636 a
394 2604 521 2644 „Poeta
541 2614 619 2635 cum
639 2603 834 2643 simplicem
853 2605 1007 2634 celebrat
1026 2605 1170 2635 heroum
1190 2605 1307 2640 vitam,
1328 2605 1495 2640 σπουδάζει
1517 2608 1600 2643 ὴμᾰσ
1621 2606 1800 2642 ἀποστῆσαι
1826 2608 1885 2632 τῶν
1906 2604 2048 2632 ἀτάκτων

219 2657 451 2696 ,,ἐπιθυμιῶν”,
473 2656 696 2688 Dioscorides
719 2658 942 2687 historiarum
967 2658 1115 2696 scriptor
1139 2657 1231 2696 apud
1252 2657 1392 2688 Suidam
1415 2656 1449 2686 in
1470 2656 1541 2687 vita
1565 2655 1719 2687 Homeri.
1733 2673 1772 2678 -—
1788 2655 1838 2685 Ex
1853 2652 2050 2684 cuiusmodi·

216 2710 343 2741 studiis
377 2711 544 2748 originem
580 2710 677 2739 duxit
708 2708 845 2739 Hesiodi
867 2711 963 2749 atque
987 2709 1122 2739 Homeri
1147 2708 1323 2747 Certamen,
1346 2719 1425 2748 pag.
1451 2709 1510 2739 6b.
1542 2710 1597 2740 Sic
1621 2710 1710 2739 enim
1738 2705 1943 2737 ratiocinati
1967 2708 2048 2736 sunt

216 2763 281 2793 viri
316 2764 424 2793 docti:
461 2762 573 2793 vicisse
608 2771 644 2792 se
681 2762 847 2792 Chalcide
883 2761 917 2791 in
954 2761 1145 2792 certamine
1182 2761 1320 2801 poetico
1356 2762 1530 2793 Hesiodus
1566 2763 1613 2792 ait
1644 2762 1747 2800 Oper.
1777 2760 1841 2790 654
1866 2768 1955 2797 sqq„
1977 2768 2044 2788 cum

217 2815 354 2845 Homero
389 2818 503 2845 autem
541 2815 612 2845 illic
647 2823 727 2844 eum
762 2817 915 2844 certasse
952 2816 1021 2844 fert
1056 2816 1166 2844 fama:
1198 2824 1255 2845 cur
1277 2815 1383 2852 igitur
1407 2813 1567 2853 superior
1591 2818 1673 2844 tuno
1697 2813 1808 2844 evasit
1827 2812 1886 2849 qui
1910 2814 1984 2841 arte
2012 2815 2046 2841 et

216 2869 355 2906 ingenio
390 2871 463 2897 erat
500 2868 666 2900 inferior?
700 2867 982 2905 Responderunt:
1018 2876 1085 2897 non
1120 2867 1204 2897 artis
1238 2869 1458 2906 potissimum
1490 2868 1657 2897 rationem
1690 2875 1767 2896 esse
1793 2865 1958 2899 habitam,
1982 2864 2046 2893 sed

215 2920 397 2960 arqumenti
430 2924 464 2950 et
497 2920 643 2956 consilii3
681 2923 926 2958 praeceptores
961 2920 1053 2950 enim
1088 2921 1280 2950 iuventutis
1316 2923 1583 2957 ceterorumque
1607 2920 1785 2949 hominum
1812 2926 1888 2948 esse
1912 2918 2043 2955 poetas,

216 2982 293 3003 eum
309 2972 413 3010 igitur
426 2971 484 3010 qui
499 2982 556 3002 rus
571 2976 606 3002 et
616 2981 737 3011 pacem
752 2973 878 3002 cecinit
891 2971 965 3002 iure
977 2973 1171 3011 praelatum
1186 2982 1262 3003 esse
1281 2973 1448 3003 bellorum
1464 2970 1648 3002 laudatori.
1785 2969 1800 3000 b
1815 2973 1842 3000 B
1857 2971 2044 3000 494—510.

349 3035 364 3055 c
388 3025 540 3062 Thucyd.
566 3025 582 3054 1
609 3027 659 3055 12.
794 3024 817 3055 d
839 3029 858 3055 Ι
880 3026 954 3055 203.
1090 3035 1106 3055 e
1130 3024 1271 3056 Aristot.
1295 3027 1388 3056 Poet.
1412 3027 1452 3056 26
1475 3027 1546 3062 §16
1561 3027 1596 3055 et
1609 3024 1767 3054 schol.—
1783 3023 1823 3052 In
1847 3021 2048 3052 Aristotelisv

214 3077 335 3108 codice
358 3087 538 3116 perperam
558 3077 725 3107 traditum
747 3081 801 3108 est
820 3079 967 3119 ἄκρατον,
988 3079 1079 3116 quod
1101 3088 1118 3108 e
1137 3081 1259 3117 poetae
1280 3079 1396 3108 verbis
1416 3079 1554 3108 efficere
1568 3086 1668 3108 nemo
1681 3077 1806 3116 potuit,
1819 3076 1980 3114 qnoniam
1995 3075 2048 3104 ibi·

216 3131 372 3168 sequitur
385 3131 495 3170 κέραιε.
622 3130 652 3170 f
669 3132 695 3160 Θ
715 3130 779 3159 555
800 3140 850 3168 sq.
982 3140 1005 3170 q
1027 3135 1046 3160 Ι
1064 3132 1139 3160 453.
1159 3131 1278 3161 Simile
1299 3129 1492 3161 remedium
1515 3131 1611 3160 suere
1629 3130 1688 3167 qui
1701 3129 1909 3158 adhiberent
1923 3128 2047 3172 Ν658μ
