2234 3443
281 145 363 183 128
1033 153 1087 181 DE
1120 153 1336 182 consoms.
1961 149 1999 193 [ἓ
2030 147 2086 185 40

273 269 353 316 „ad
412 268 672 307 solvendam
728 268 1030 316 quaestionem
1088 277 1197 315 quae
1253 270 1321 306 est
1366 268 1417 306 de
1464 268 1794 308 Homericorum
1842 271 2085 310 carminum

277 336 544 385 „origine”‹1.

395 402 648 451 Cynaethus
689 405 837 441 autem
880 402 1027 448 Chius,
1066 402 1138 450 qui
1171 402 1410 450 Odysseam
1445 413 1499 441 ex
1529 404 1795 443 carminibus
1825 404 2013 442 Aeolicis
2043 405 2086 442 in

271 470 505 509 dialectum
540 470 733 508 Ionicam
767 469 817 507 ab
850 470 945 517 ipso
980 470 1120 507 versis
1146 471 1189 506 et
1215 470 1452 516 utcumque
1481 471 1675 508 consutis
1690 471 1845 510 fecisse
1862 471 2091 509 videbatur

271 537 434 585 Fickio,
468 537 607 576 fertur
639 538 853 585 hymnum
886 537 930 574 in
963 536 1174 575 honorem
1207 536 1423 584 Apollinis
1454 536 1565 574 Delii
1598 538 1711 576 circa
1742 548 1905 577 annum
1939 538 2024 577 500
2050 548 2087 577 3.

273 605 372 645 Chr.
423 615 465 644 n.
516 601 855 653 composuisseb.
901 603 1037 651 Quam
1078 604 1256 649 famam,
1301 603 1406 642 olim
1448 613 1473 642 a
1504 605 1724 653 Barnesio‚
1759 607 1857 644 dein
1888 617 1913 645 a
1944 606 2088 645 Ruhn-

269 674 397 712 kenio
440 673 689 718 reiectam⁶‚
733 681 884 710 veram
918 671 1082 708 ducens
1114 668 1254 708 Fickd
1282 671 1545 709 documenta
1577 672 1757 720 originis
1787 673 1960 712 Ionicae
1993 674 2087 712 sive

271 741 462 780 recentis
506 740 689 778 vocabat
731 739 960 785 sequentia
991 738 1122 776 huius
1155 738 1363 777 carminis
1395 738 1549 777 verba:
1581 739 1805 778 Απόλλωνά
1832 736 1859 777 τ’
1895 738 2090 787 divumne,

272 807 310 845 εἴ
345 808 404 844 τίσ
436 806 477 844 οἱ
502 803 646 856 γαιέωι
677 805 759 843 υἱεῖ
786 802 898 842 θέλοι
930 804 1036 842 οἰκία
1062 802 1257 854 θέσθαιΐ,
1288 805 1512 855 δυσκχήσθ,
1547 804 1588 844 τὸ
1621 812 1777 855 πρῶτον
1808 804 1940 856 Z'dmh
1971 808 2014 845 αἳ
2045 803 2084 844 ὁ’

262 876 360 923 ’Iow
392 869 701 924 ποούπεμψανῐ,
731 867 907 921 μιμεῖσθ’
938 871 1082 910 ῖησασιυ
1114 871 1216 922 φαίη
1245 870 1287 910 δέ
1314 886 1382 910 κεν
1411 871 1536 911 αὐτὸσ
1553 870 1755 919 ε’καστοσὶ,
1770 874 1874 920 λκξω
1892 872 2088 925 ἕκκβόλον

272 938 537 989 Άπόλλωναῆ,
578 941 726 978 Δκλοιο
768 940 1045 978 πολυκλύστου
1088 935 1167 990 μέγ’
1213 937 1438 978 ἆιάσσεισῖ.
1469 941 1528 979 At
1560 941 1654 979 Sine
1686 941 1774 979 ullo
1806 951 2088 980 numerorum

268 1009 571 1048 sententiaeve
599 1008 865 1047 detrimento
889 1007 1020 1046 scribi
1045 1009 1253 1056 possunt:
1281 1007 1505 1045 Ἀπόλλωνα
1527 1009 1724 1059 fozvnma,
1750 1007 1788 1046 εἴ
1809 1020 1868 1045 τισ
1892 1008 2045 1059 γαιάων
2058 1015 2088 1034 ⁷1²

268 1076 400 1115 ἐθέλοι
431 1090 500 1128 fot
531 1074 670 1127 fornia
701 1072 854 1112 θέσθαι
867 1082 901 1124 ⁷³,
930 1072 976 1111 τὰ
1007 1079 1143 1123 πρῶτα
1173 1074 1302 1126 ρίδηι.
1334 1074 1569 1113 Praeterea
1597 1075 1785 1113 fortasse
1813 1075 1916 1114 olim
1945 1075 2087 1114 fuere:

271 1147 382 1193 Ρῖριν
416 1143 499 1183 (vel
528 1141 682 1190 Είριδα)
716 1138 750 1179 δ’
786 1142 829 1179 αἳ
858 1143 922 1180 et:
958 1144 1197 1191 μιμεῖσθαιθ
1228 1141 1406 1194 ιρίσσοισι·
1441 1141 1542 1190 φαίη
1575 1137 1614 1179 δ’
1652 1140 1774 1180 mizdo
1813 1156 1856 1180 κε
1890 1142 2090 1195 ρέκαστοσ

270 1216 335 1251 et:
383 1212 487 1256 λήξω
535 1209 761 1248 Ἀπόλλωνα
807 1209 1053 1262 ,ρεκάρεργον
1111 1211 1175 1248 et:
1224 1211 1375 1247 Δήλοιο
1421 1210 1710 1247 πολυκλύστοιο
1757 1209 1991 1262 ιρανοῖσσεισ,
2035 1208 2087 1247 ab

270 1279 485 1319 adiectivo
518 1277 697 1327 ὁυσκχήσ
730 1279 877 1316 autem
911 1287 1045 1316 sonus
1075 1293 1105 1330 f
1138 1277 1310 1315 videtur
1334 1277 1471 1316 fuisse
1503 1277 1720 1316 alienuszn

387 1346 480 1384 Non
523 1350 641 1384 certa
680 1346 743 1384 sic
785 1345 980 1383 remedia
1008 1345 1141 1383 allata
1173 1347 1278 1383 sunt
1302 1345 1472 1383 cunctis
1505 1345 1576 1393 qui
1608 1355 1740 1394 supra
1772 1345 1955 1393 excripti
1987 1348 2089 1383 sunt

268 1414 481 1461 versibus,
525 1413 600 1451 sed
643 1422 730 1450 non
771 1415 874 1450 sunt
916 1413 1059 1461 magis
1092 1412 1284 1451 violenta
1314 1412 1518 1450 minusve
1545 1412 1785 1460 probabilia
1816 1423 1947 1460 quam
1980 1421 2089 1460 quae

266 1483 358 1531 ipse
396 1481 499 1520 Fiok
541 1480 858 1528 antiquioribus
899 1490 1008 1527 quas
1051 1480 1221 1519 dicebat
1250 1480 1399 1518 Iliadis
1432 1479 1738 1528 Odysseaeque
1769 1480 1965 1528 partibus
1995 1489 2088 1528 pas·

266 1551 350 1588 sim
383 1549 579 1587 admovit
611 1551 657 1586 ut
685 1558 866 1599 SODUSf
894 1550 1043 1596 posset
1069 1548 1262 1597 proferri,
1293 1557 1360 1586 ex,
1390 1558 1451 1595 gr.
1479 1545 1665 1598 μέμματα
1692 1546 1815 1584 ncilla
1842 1558 1848 1597 1
1878 1550 1963 1585 τοῖα
1987 1557 2085 1595 pro:

266 1612 382 1664 εἵματ’
424 1614 569 1653 ἰδοῦσα
599 1616 602 1656 i
632 1614 775 1653 καλάς.
811 1615 958 1654 Multis
990 1619 1137 1654 autem
1167 1616 1297 1654 huius
1315 1615 1469 1662 hymni
1487 1615 1685 1653 versibus
1704 1615 1927 1663 digamma
1943 1616 2089 1663 potest

268 1684 366 1722 addi
407 1684 502 1722 sine
544 1683 633 1721 ulla
665 1683 910 1721 vicinarum
944 1693 1101 1721 vocum
1133 1683 1379 1721 mutatione
1392 1690 1420 1731 r,
1454 1683 1677 1721 nonnullis
1709 1684 1844 1721 etiam
1877 1682 1984 1721 utile
2016 1682 2087 1720 vel

267 1751 395 1800 plane
427 1750 724 1789 necessarium
758 1754 825 1789 est
838 1757 865 1789 ⁸.

385 1817 531 1856 Nihilo
572 1818 705 1865 igitur
736 1818 901 1857 rariora
933 1820 1009 1856 aut
1041 1817 1291 1857 obscuriora
1324 1819 1419 1857 soni
1450 1834 1479 1870 f
1511 1818 1671 1856 indicia
1701 1828 1832 1865 quam
1866 1817 2087 1865 Odysseae

266 1886 374 1924 liber
414 1886 435 1931 ζ
477 1885 544 1923 vel
590 1900 603 1921 ι
650 1885 817 1923 aliusve
864 1885 1045 1933 quilibet
1093 1885 1223 1923 habet
1264 1885 1457 1932 hymnus
1499 1885 1581 1932 hic,
1627 1895 1756 1932 quem
1798 1885 1911 1923 festo
1943 1885 2087 1933 gentis

266 1954 437 1993 Ionicae
480 1953 547 1991 die
587 1952 681 1990 Deli
724 1954 952 1991 cantatum
995 1962 1092 1991 esse
1133 1954 1446 2001 argumentum
1488 1953 1626 1991 docet.
1668 1953 1717 1991 In
1750 1962 1822 1991 ore
1855 1952 1972 1990 caeci
2004 1952 2086 1990 viri

265 2022 396 2068 illius,
447 2021 520 2068 qui
567 2020 669 2058 Χίωι
714 2018 772 2058 ἔνι
819 2019 1113 2058 παιπαλοέσσκι
1157 2020 1355 2059 habitare
1395 2030 1442 2059 se
1469 2020 1693 2068 professus
1725 2019 1829 2068 ests,
1864 2019 2087 2067 digamma

265 2090 442 2128 vivebat
475 2092 517 2127 et
552 2088 727 2136 vigebat
742 2096 774 2127 v.

353 2321 373 2339 a
398 2310 510 2340 Naber
534 2309 672 2344 Quaest.
695 2309 794 2338 Hom.
811 2307 976 2343 levae.
1111 2306 1127 2335 b
1153 2307 1234 2344 Pag.
1262 2309 1318 2336 4e.
1442 2315 1458 2335 c
1481 2307 1593 2344 Epist.
1618 2304 1700 2335 Crit.
1725 2305 1741 2335 1
1767 2305 1796 2335 7.
1919 2305 1942 2335 d
1964 2305 2085 2343 Odyss.

267 2365 344 2396 290.
367 2362 467 2392 Iliad.
492 2362 627 2391 XXXII.
817 2369 832 2389 e
857 2361 912 2389 Vs.
941 2361 990 2390 15.
1173 2360 1205 2400 f
1235 2360 1291 2390 Vs.
1316 2360 1369 2389 46.
1545 2369 1567 2398 y
1592 2359 1648 2388 Vs.
1674 2360 1726 2388 64.
1906 2357 1926 2387 h
1949 2358 2004 2387 Vs.
2032 2359 2084 2388 71.

400 2414 410 2442 i
435 2415 490 2444 Vs.
517 2415 591 2443 102.
765 2412 786 2451 j
809 2413 864 2442 Vs.
892 2413 965 2442 163.
1147 2412 1166 2441 k
1189 2413 1246 2442 Vs.
1273 2412 1347 2442 177.
1517 2411 1530 2441 l
1552 2412 1605 2440 Vs.
1633 2413 1706 2441 181.
1876 2421 1902 2440 m
1929 2411 1983 2441 sic
2007 2411 2029 2440 l.
2054 2419 2084 2440 a.

398 2478 417 2497 n
442 2466 556 2497 Etiam
583 2465 788 2503 clis5llabum
813 2467 901 2495 θέλοι
926 2469 978 2496 est
1002 2464 1167 2495 dictionis
1191 2474 1313 2504 parum
1341 2465 1471 2503 epicae.
1711 2473 1729 2493 0
1753 2464 1807 2494 Sic
1832 2463 1928 2493 codd.
1953 2472 2082 2493 omnes.

394 2531 418 2560 p
442 2520 490 2550 Ne
526 2520 560 2548 in
596 2518 705 2547 Iliade
742 2518 878 2555 quidem
916 2518 960 2555 (B
997 2520 1059 2548 686
1097 2519 1156 2558 al.)
1195 2527 1338 2556 usquam
1370 2517 1540 2555 producta
1571 2519 1623 2546 est
1647 2516 1779 2554 syllaba
1810 2515 1955 2546 initialis
1979 2516 2083 2545 huius

266 2573 438 2608 adiectivi,
461 2572 553 2610 quod
577 2571 619 2600 ad
643 2572 736 2607 ἇχοσ,
760 2579 826 2599 non
851 2571 893 2599 ad
916 2575 1032 2609 fqlrjv,
1064 2571 1160 2600 fuere
1188 2569 1248 2609 qui
1274 2568 1504 2608 probabiliter
1527 2570 1697 2599 referrent
1719 2567 1846 2609 (Apoll.
1868 2569 1934 2598 lex.
1959 2568 2028 2606 al.),
2048 2569 2081 2598 in

265 2627 319 2656 his
343 2625 544 2664 Apollonius
568 2623 732 2659 Rhodius,
755 2622 915 2661 Cupidini
941 2624 1101 2661 δυσηχέασ
1125 2625 1253 2653 azazena
1271 2622 1429 2652 tribuens
1448 2623 1529 2660 Arg.
1548 2622 1600 2652 111
1622 2623 1674 2651 96.
1809 2631 1827 2660 q
1853 2634 1868 2659 η
1883 2622 1958 2657 234,
1979 2629 2083 2659 supra

266 2687 344 2717 pag.
366 2678 442 2707 127.
578 2685 594 2705 r
617 2676 673 2705 Vs.
696 2676 712 2705 7
733 2687 796 2713 foc,
818 2677 1056 2714 27fexd12932.
1079 2677 1119 2706 29
1133 2679 1317 2714 farciantur,
1332 2677 1373 2705 45
1386 2679 1568 2714 Ῑεκηβολοτ,
1584 2676 1624 2705 50
1649 2677 1684 2704 et
1705 2676 1764 2704 111
1789 2675 1899 2712 fs'nm,
1924 2675 1964 2703 56
1988 2685 2082 2710 fena-

264 2732 389 2769 fr'pyov,
425 2730 466 2759 63
506 2732 540 2758 et
575 2729 615 2758 90
653 2731 808 2766 facitote,
847 2730 887 2758 66
922 2730 1035 2766 finon,
1068 2730 1108 2759 75
1132 2730 1229 2767 faidrlz
1252 2741 1317 2767 fot,
1343 2730 1383 2758 78
1406 2734 1515 2766 fornia
1541 2731 1574 2758 et
1599 2728 1641 2758 84
1664 2731 1764 2766 fiam)
1786 2735 1947 2756 versuum
1971 2724 2082 2761 initio,

268 2785 329 2813 105
361 2784 465 2812 ἔπειτα
495 2784 646 2820 smmum
666 2791 728 2820 pro
753 2781 792 2810 -1'
818 2782 968 2815 ἐπέεσσιν,
995 2782 1055 2810 133
1081 2784 1209 2819 fundu,
1236 2783 1298 2811 134
1321 2783 1549 2819 fexazqsso'loa,
1577 2782 1638 2810 140
1663 2779 1765 2818 siim}
1789 2782 1990 2817 fexatqsso'ie,
2017 2780 2079 2809 153

265 2837 399 2873 fadoito.
427 2835 488 2864 157
521 2835 778 2872 fexarrfflaeie'mo,
806 2835 867 2863 169
892 2833 1056 2870 frjdzowo,
1082 2835 1144 2864 172
1168 2839 1278 2872 fouet.
1420 2842 1434 2862 s
1459 2833 1514 2863 Vs.
1542 2834 1557 2862 1
1584 2834 1779 2862 Ἀπόλλωνοσ
1801 2834 1958 2869 fendroeo,
1982 2832 2022 2861 68
2047 2835 2081 2861 et

268 2889 309 2917 90
343 2899 424 2916 -toio
458 2889 628 2924 fa'mxzoo,
664 2885 704 2918 47
741 2889 776 2916 et
813 2887 853 2915 70
891 2886 1058 2923 ἐδέδῇισαν
1096 2892 1129 2916 et
1154 2888 1310 2924 δεδμοικα,
1347 2886 1387 2916 74
1420 2887 1499 2916 κατὰ
1522 2886 1638 2925 roardo
1661 2887 1766 2921 fdica.
1794 2884 1853 2914 107
1879 2885 1958 2913 ὠκέα
1982 2882 2082 2925 Fibra.

400 2942 412 2968 t
443 2940 497 2968 Vs.
528 2940 601 2969 172.
625 2939 777 2969 Dubium
802 2947 867 2968 non
892 2938 1028 2968 videtur
1055 2940 1138 2976 quin
1161 2939 1219 2969 diu
1243 2942 1321 2968 ante
1345 2947 1471 2968 annum
1497 2939 1561 2967 500
1585 2938 1717 2966 vixerit.
1924 2946 1943 2966 u
1975 2934 2081 2966 Flach

265 2992 434 3022 Bezzenb.
459 2992 563 3021 Beitr.
588 2991 621 3021 11
648 2991 766 3021 1-72,
791 2990 984 3021 Cmsonam
1009 3003 1031 3029 f
1058 2993 1091 3020 in
1119 2990 1203 3021 Chio
1228 2991 1342 3021 insula
1366 2994 1445 3021 ante
1470 2990 1647 3020 saeculum
1672 2989 1776 3019 VIum
1809 2997 1884 3018 esse
1908 2992 2079 3019 mortuam

265 3044 390 3074 docent
418 3044 523 3073 verba
552 3043 645 3073 tituli
669 3053 687 3073 a
712 3044 888 3082 scalptore
914 3042 1001 3072 Chio
1026 3043 1102 3073 Deli
1127 3043 1296 3073 dedicatiz
1324 3054 1432 3073 ...σιν
1457 3039 1584 3084 ἑκηβομ
1608 3045 1659 3071 et:
1683 3045 1837 3081 πατρώϊον
1859 3037 1984 3082 ἄσ[τυ],
2007 3041 2079 3071 Ion.

268 3097 365 3135 5387,
390 3096 535 3126 Roberte
559 3096 676 3134 Epigr.
701 3097 717 3126 Ι
742 3098 794 3126 63.
