2234 3443
164 201 187 245 ς
225 199 319 246 127,
357 199 453 243 128]
749 209 803 236 nn
837 208 1079 239 Nommssus
1111 211 1397 240 VERBALIBUS.
1896 205 1980 244 253

152 320 285 359 instat
316 320 638 370 significantisa
672 312 932 370 praesertim
975 324 1018 361 in
1057 322 1289 375 participio
1333 324 1460 363 facile
1494 326 1747 374 agnoscitur
1779 327 1868 379 vis;
1902 328 1981 366 hoc

153 389 269 427 enim
301 388 520 428 indicatur
551 386 774 427 consitium
806 390 919 437 quod
952 390 1088 428 initur
1119 391 1212 429 sive
1245 387 1354 440 finis
1386 392 1460 439 qui
1497 393 1675 442 petitur,
1711 404 1779 433 eX.
1812 404 1897 442 gr.:

387 455 669 494 Αἶθίοπεσ...
699 455 704 506 Ι
733 457 772 495 οἳ
801 454 872 506 μὲν
906 455 1160 511 &moy-evoe*
1184 454 1430 509 Ὑπερίονοσ,
1463 460 1502 497 οἳ
1533 456 1571 498 δ’
1607 459 1796 499 ἀνιόντοσ

150 519 375 574 Aethiopes
417 520 498 561 alii
536 522 624 562 eius
666 522 849 574 reyione‘s
886 521 956 561 ubi
988 522 1050 562 sol
1081 535 1271 563 occasum
1307 536 1449 563 versas
1485 524 1630 576 tendit,
1665 525 1746 565 alii
1784 539 1874 566 ecus
1909 525 1978 566 ubi

147 587 328 641 sut-qitb.
362 591 562 630 Movendi
594 593 742 630 autem
773 592 1052 640 potissimum
1086 592 1231 631 verbis
1262 593 1620 641 adiungebaturc.

267 716 491 756 Absolutus
515 718 588 765 qui
616 718 776 756 dicitur
792 718 1009 766 participii
1024 718 1228 766 yenitivus
1248 728 1271 756 a
1290 719 1556 758 carminibus
1574 721 1709 770 epicis
1727 731 1812 760 non
1831 721 1978 769 abest;

151 783 352 831 exemplo
384 784 454 822 hic
485 785 545 823 sit
575 794 753 823 versus:

443 844 468 901 ἦ
503 848 642 891 σέθεν
675 847 816 889 ἐνθάδ’
853 847 1008 891 ἐόντοσ
1039 850 1239 890 ἐλεύσεται
1270 850 1399 892 οἴκαὸ’
1429 850 1653 894 Ὀδυσσεύσ
1665 853 1698 893 d.

264 917 380 956 Rara
424 920 574 957 tamen
621 919 666 957 in
712 918 835 967 epica
882 919 1071 958 dictione
1112 921 1205 958 erat
1247 920 1353 959 haec
1390 921 1625 960 verborum
1667 925 1891 962 structura
1933 926 1975 962 et

148 987 303 1034 coepta
345 985 490 1034 potius
533 996 665 1034 quam
702 986 900 1034 exculta;
933 986 1232 1035 compluribus
1269 990 1418 1026 autem
1462 989 1571 1028 locis
1602 990 1740 1029 veluti
1777 991 1820 1029 in
1853 993 1973 1029 statu

148 1053 373 1092 nascentis
404 1055 620 1092 versatur.
655 1053 726 1092 Sic
756 1053 799 1091 in
834 1054 916 1092 hoc
948 1064 1102 1092 versu:

442 1120 584 1159 τούτωι
615 1116 650 1158 δ’
687 1114 738 1157 αὖ
771 1118 871 1170 μέγα
901 1119 1061 1159 πένθοσ
1092 1118 1295 1173 Ἀχαιῶν
1327 1120 1649 1164 ὃηιωθὲντωνθ

144 1185 374 1226 absolutus
413 1187 588 1235 quidem
621 1187 767 1227 vocari
799 1189 944 1236 potest
977 1187 1213 1238 genitivus,
1246 1191 1408 1237 tempus
1445 1190 1562 1229 enim
1596 1191 1690 1229 sive
1721 1191 1974 1230 occasionem

144 1252 320 1301 indicat,
362 1254 504 1293 verbis
537 1253 575 1292 εἴ
600 1268 669 1292 κεν
700 1252 846 1304 Ἀχαιοὶ
881 1257 1022 1305 Τρῶασ
1053 1255 1282 1293 δκιώσωσιν
1315 1257 1566 1305 oppositus;
1599 1259 1674 1296 sed
1708 1268 1793 1297 non
1826 1259 1974 1298 minus

143 1323 261 1360 recte
293 1331 318 1360 a
349 1323 527 1361 nomine
552 1319 709 1359 πένθοσ
736 1332 1001 1370 suspensum
1030 1323 1190 1361 dixerit
1217 1323 1451 1371 quispiam.
1483 1323 1642 1364 Causae
1668 1325 1803 1373 igitur
1828 1326 1971 1365 notio:

145 1388 278 1427 luctus
310 1391 483 1437 propter
524 1389 698 1429 Achivos
737 1391 858 1430 victos
899 1391 1006 1429 abiit
1041 1393 1084 1429 in
1117 1392 1342 1431 occasionis
1373 1393 1466 1430 sive
1498 1394 1694 1442 temporis
1725 1394 1971 1451 notionem:

144 1455 277 1494 luctus
316 1456 354 1494 si
399 1455 545 1494 Achivi
582 1458 675 1495 victi
710 1458 871 1506 fuerint
912 1458 1030 1496 sive:
1075 1458 1208 1498 luctus
1250 1459 1415 1498 Achivis
1457 1460 1592 1507 victis;
1637 1471 1661 1499 a
1702 1462 1879 1501 notione
1910 1463 1973 1501 rei

144 1524 275 1561 certae
307 1523 360 1561 ad
393 1524 590 1572 coyitatae
622 1525 844 1563 notionem
878 1525 1022 1564 factus
1060 1527 1128 1564 est
1159 1527 1389 1565 transitus.
1424 1527 1586 1565 Factus
1618 1529 1798 1566 autem?
1830 1527 1897 1567 An
1929 1529 1973 1567 in

146 1599 195 1629 eo
228 1591 297 1628 est
328 1592 375 1629 ut
405 1589 514 1630 fiat?

262 1657 433 1696 Similia
448 1658 603 1697 multis
619 1658 728 1698 locis
744 1660 930 1707 possunt
946 1659 1184 1709 observari,
1214 1670 1282 1699 ex.
1301 1671 1364 1708 gr.
1381 1661 1425 1699 in
1445 1661 1646 1700 versibus
1664 1662 1969 1709 sequentibus:

438 1726 514 1765 τοῦ
548 1722 584 1764 δ’
613 1721 811 1764 Ὀδυσεὺσ
842 1725 946 1775 μάλα
977 1725 1115 1776 θυμὸν
1147 1724 1475 1780 ἀποκταμένοι’
1506 1727 1687 1779 ἐχολώθη
1701 1727 1730 1767 f.

439 1792 508 1830 καί
535 1806 604 1831 κεν
635 1788 736 1831 τοῦτ’
772 1790 951 1843 ἐθέλοιμι
985 1791 1090 1833 Διόσ
1120 1807 1164 1845 γε
1196 1793 1397 1834 διδόντοσ
1429 1792 1644 1845 ἀρέσθαιθ.

616 1857 803 1910 ἀσχαλάει
833 1857 876 1898 δὲ
906 1859 1004 1898 πάῖσ
1034 1860 1172 1910 βίοτον
1203 1860 1480 1902 κατεδόντων
1493 1860 1524 1900 12.

969 1925 1167 1966 ἐλεύσεται
1199 1925 1342 1966 ἐνθάδ’
1371 1925 1592 1968 Ὀδυσσεὺσ

438 1994 513 2034 τοῦ
547 1990 619 2042 μὲν
652 1991 893 2047 φθίνοντοσ
925 1993 1056 2044 μηνὸσ
1085 1995 1161 2035 τοῦ
1195 1991 1228 2033 δ’
1268 1992 1526 2048 ἱσταμένοιο
1545 1994 1568 2033 i.

261 2059 346 2098 Ubi
385 2060 607 2107 genitivus
647 2061 688 2099 in
732 2061 887 2100 ultimo
929 2072 1060 2100 versu
1095 2065 1263 2110 partem
1303 2063 1496 2111 aliquam
1538 2065 1751 2113 temporis
1787 2064 1967 2104 indicati

142 2125 407 2176 significatj‚
437 2127 480 2166 in
509 2128 667 2167 ceteris
684 2138 709 2167 a
726 2128 872 2167 verbis
887 2129 1183 2179 χολωθήμεναι,
1198 2128 1383 2181 ἀρέσθαι,
1399 2129 1612 2181 ἀσχαλάειν
1630 2133 1697 2170 est
1715 2141 1972 2180 suspensus.

258 2193 484 2243 Participii
511 2195 704 2243 genitivo
732 2195 936 2235 absoluto
962 2197 1006 2234 in
1032 2197 1155 2245 epica
1182 2197 1371 2237 dictione
1388 2208 1613 2246 nunquam
1631 2209 1718 2237 non
1734 2199 1967 2238 adiunctus

143 2261 210 2299 est
251 2260 474 2308 genitivus
514 2261 759 2301 substantivi
799 2262 869 2301 vel
906 2264 1172 2311 pronominis
1186 2261 1218 2303 k.
1262 2264 1372 2303 Nam
1415 2265 1460 2304 in
1502 2266 1648 2305 verbis
1689 2261 1787 2315 αἷμα
1823 2265 1866 2304 δέ
1895 2281 1966 2318 foi

143 2325 398 2366 σπασθέντοσ
438 2326 632 2368 ἀνέσσυτο
648 2327 672 2378 l,
711 2331 754 2368 in
798 2330 956 2377 quibus
996 2331 1106 2370 haec
1148 2331 1220 2370 lex
1262 2332 1454 2380 migrata
1496 2343 1591 2372 esse
1632 2334 1780 2382 potest
1815 2334 1966 2381 videri,

143 2395 365 2442 genitivus
405 2405 430 2434 a
471 2397 792 2445 praepositione
823 2396 921 2435 ἀνα-
954 2400 1022 2437 est
1053 2409 1320 2447 suspensus:
1357 2401 1478 2439 iuxta
1507 2400 1673 2439 hastam
1700 2400 1806 2439 dum
1837 2401 1965 2439 evelle-

143 2461 267 2500 batur
298 2463 464 2501 emicuit
491 2464 716 2512 sanguinis
745 2466 968 2514 scaturiyo.

262 2584 291 2640 ξ
326 2585 427 2629 128.
461 2588 718 2629 Adiectivum
749 2591 907 2630 verbale
939 2592 1050 2639 quod
1088 2592 1172 2631 dici
1204 2592 1329 2642 solet,
1363 2593 1406 2632 in
1437 2592 1526 2632 -τόσ
1558 2594 1779 2643 desinens,
1812 2594 1965 2632 multis

144 2656 390 2694 carminum
417 2655 638 2704 epicorum
666 2657 772 2697 locis
799 2659 998 2698 servavit
1024 2659 1115 2698 vim
1136 2660 1354 2709 participii
1375 2661 1584 2708 primitus
1611 2661 1694 2700 sibi
1719 2662 1962 2709 propriam;

272 2796 292 2816 a
315 2786 498 2816 Notionem
516 2784 661 2816 actionis
674 2787 811 2827 posthac
829 2788 965 2825 futurae
982 2787 1169 2828 participio
1194 2792 1356 2826 ἐσσόμενα,
1381 2803 1442 2820 -νοι
1460 2789 1585 2821 tribuit
1597 2800 1711 2822 rerum
1724 2792 1962 2830 praesentium

142 2836 328 2876 oppositio,
340 2840 374 2868 A
390 2839 430 2868 ‘70
445 2841 473 2867 Β
489 2839 551 2867 119
566 2838 609 2868 al.
743 2839 759 2868 b
783 2852 802 2868 α
817 2841 869 2870 24.
889 2841 1016 2870 Eadem
1031 2842 1082 2871 vis
1094 2844 1147 2871 est
1159 2843 1240 2872 Hes.
1253 2843 1354 2881 Oper.
1370 2844 1444 2878 384,
1457 2844 1501 2873 cf.
1511 2845 1545 2873 et
1560 2845 1662 2874 41379
1677 2847 1693 2873 λ
1707 2845 1770 2874 608
1783 2845 1863 2874 ΗΘΒ.
1877 2843 1963 2883 Clip.

143 2889 207 2919 215
222 2901 228 2924 ;
249 2889 422 2920 indicativi
440 2892 555 2920 autem
576 2891 706 2928 Theog.
727 2892 790 2922 750
810 2900 878 2930 Sq.:
895 2893 910 2931 ἣ
924 2894 979 2929 μὲν
990 2915 998 2923 .
1011 2917 1017 2922 .
1030 2916 1036 2923 .
1049 2897 1259 2934 καταβήσεται
1272 2894 1322 2932 (in
1333 2905 1368 2925 eo
1379 2897 1426 2925 est
1438 2895 1682 2936 utdescendat),
1700 2896 1712 2935 ‘J
1726 2896 1758 2926 δὲ
1771 2919 1778 2926 .
1790 2920 1796 2926 .
1810 2919 1817 2926 .
1831 2898 1963 2937 ἔρχεται.

275 2951 292 2972 c
313 2942 465 2973 Verbum
490 2943 652 2973 movendi
676 2943 775 2973 abest
798 2947 824 2974 E
840 2945 882 2975 46
908 2949 943 2975 Π
960 2946 1023 2975 343
1048 2947 1151 2977 2309
1177 2947 1314 2985 (T12o)
1339 2948 1446 2977 ψ379
1471 2960 1490 2976 α
1505 2948 1546 2977 24
1569 2951 1585 2977 λ
1600 2949 1675 2978 608.
1807 2948 1831 2978 d
1852 2961 1870 2979 v
1886 2950 1961 2979 232.

274 3003 291 3024 e
315 2998 341 3024 A
366 2995 442 3026 417.
587 2995 610 3033 f
629 2999 656 3025 A
681 2997 758 3026 494.
906 3007 928 3036 9
951 3010 971 3027 a
997 2999 1074 3029 390.
1227 2999 1247 3029 k
1272 3010 1289 3029 i
1314 3001 1390 3030 159.
1541 3000 1554 3030 ι·
1579 3011 1594 3030 τ
1617 3001 1693 3030 307.
1831 3000 1852 3040 j
1875 3001 1960 3032 Nos:

142 3054 203 3075 van
227 3045 265 3076 de
287 3047 405 3077 maand
425 3057 497 3087 noy.
649 3048 669 3078 lc
691 3049 731 3079 In
755 3050 872 3088 lingua
895 3051 1003 3080 latina
1025 3051 1116 3081 idem
1142 3061 1216 3082 mos
1239 3053 1403 3089 obtinuit3
1429 3053 1464 3082 in
1488 3053 1621 3083 Graeca
1645 3062 1727 3083 vero
1750 3055 1856 3089 αὐτοῦ,
1879 3060 1962 3091 -τῆσ,

144 3103 218 3127 -τῶν
246 3098 324 3135 eius,
355 3109 472 3136 eorum,
503 3109 610 3130 earum
642 3109 725 3131 aevo
755 3102 1012 3139 posthomerico
1035 3111 1140 3142 saepe
1162 3107 1243 3134 sunt
1266 3105 1406 3141 omissa,
1430 3113 1509 3135 cum
1532 3106 1745 3144 pronominis
1769 3107 1821 3136 vis
1844 3106 1961 3136 decre-

142 3149 261 3187 visset,
283 3151 300 3189 §¹
327 3153 380 3182 98.
517 3152 531 3183 Ι
552 3157 580 3183 A
606 3154 682 3185 458.
706 3155 788 3184 Vitii
811 3154 862 3185 sic
886 3157 1042 3193 arguitur
1066 3157 1088 3186 l.
1112 3166 1142 3187 a.
1167 3156 1359 3198 ἐξάρχοντοσ
1383 3161 1409 3187 Σ
1431 3159 1495 3188 606
1521 3159 1539 3188 δ
1565 3159 1604 3189 19
1629 3167 1692 3197 pro
1718 3160 1837 3197 -ντε(σ).
