2234 3443
198 174 284 213 408
870 179 925 208 DE
955 178 1203 207 PAR'rmULA
1233 170 1344 213 κε(ν).
1855 169 1893 215 k5
1924 168 2009 207 326

493 291 588 334 οὔθ’
624 290 733 333 ὁπότ’
768 291 818 331 ἂν
850 292 1038 343 στείχηισι
1068 290 1171 341 πρὸσ
1202 290 1378 341 οὐρανὸν
1410 289 1657 342 ἀστερόεντα,

493 358 586 400 οὔθ’
623 360 717 400 ὅταν
748 358 808 409 ἂψ
840 358 903 398 ἐπὶ
933 362 1051 411 γαῖαν
1088 355 1151 396 ἀπ’
1188 358 1416 408 οὐρανόθεν
1447 359 1719 409 προτράπηται
1732 368 1765 409 α,

198 432 280 480 leg.
323 425 416 469 οὔθ’
468 427 584 468 ὃιτότε
625 429 836 479 στείχηισι.
857 423 1004 466 ..οὔθ’
1041 423 1144 465 ὁπότ’
1181 423 1240 474 ἂψ
1271 424 1359 476 urg,
1390 427 1438 465 ut
1468 426 1657 466 alterum
1690 424 1807 465 ὁπότε
1839 437 2012 476 respon<

200 498 300 538 deat
328 497 482 536 alterib
514 499 557 536 et
589 507 614 536 a
644 496 885 535 subiectivo
918 494 1110 544 generali
1140 495 1419 533 removeatur
1444 494 1661 542 particula
1691 494 1880 534 molesta
1892 502 1920 534 ⁰.

495 563 550 602 ὥσ
582 560 616 602 δ’
655 560 709 602 ὅτ’
746 561 795 601 ἂν
827 562 870 600 ἕν
901 576 939 600 τε
970 561 1132 601 κύνεσσι
1163 559 1230 599 καὶ
1261 559 1431 611 ἀνδράσι
1461 564 1689 612 θηρητῆρσι

494 631 667 681 κάπριοσ
696 628 740 681 ἠὲ
772 628 872 668 λέων
902 627 1106 680 στρέφεται
1118 626 1152 679 d,

198 701 280 749 leg.
313 697 370 738 ὡσ
402 695 437 737 δ’
474 695 528 737 ὅτ’
562 697 706 737 ἔναντα
737 692 900 737 κύνεσσι
931 695 1019 747 mg„
1048 707 1102 736 ne
1133 696 1371 735 indicativo
1403 697 1647 745 praesentis
1672 697 1862 736 societur
1887 697 2016 746 parti-

201 768 298 807 cula
329 766 528 807 modalis.

495 829 531 872 εἶ
560 830 596 872 δ’
632 831 714 884 ἆγε,
744 831 840 871 τοὺσ
871 830 921 870 ἂν
952 830 1053 884 ἐγὼν
1084 830 1344 881 ἕπιόψομαιθ,

200 902 283 951 leg.
316 901 413 940 τοὺσ
449 898 561 951 μὲνΐ.

495 966 619 1008 αὐτὸν
651 964 684 1006 δ’
723 964 772 1005 ἂν
803 965 986 1017 πύματόν
1017 980 1064 1016 με
1094 966 1216 1005 κύνεσ
1247 965 1440 1017 πρώτκισι
1470 966 1639 1017 θύρκισι

497 1033 666 1085 ὠμεσταὶ
694 1035 959 1088 ρερύουσινθ,

200 1103 282 1152 leg.
314 1101 438 1142 αὐτὸν
471 1099 503 1141 δ’
526 1100 589 1153 ἂρ,
618 1112 673 1142 ne
703 1102 850 1141 futuro
881 1102 1087 1150 iungatur
1118 1100 1334 1150 particula
1359 1101 1544 1140 modalis
1559 1097 1589 1140 ἢ.
1617 1101 1744 1141 Haud
1771 1102 2022 1141 dubitanter

200 1170 419 1220 loquentis
449 1171 557 1210 haec
587 1172 692 1209 sunt
722 1169 869 1209 verba.

850 1235 994 1275 αὐτίκα
1023 1235 1098 1288 γάρ
1129 1250 1176 1285 με
1206 1235 1494 1274 κατακτείνειεν
1527 1236 1720 1287 Άχιλλεὺσ

497 1304 625 1358 ἀγκὰσ
655 1300 778 1344 ἑλόντ’
814 1302 910 1354 ε’μὸν
940 1303 1046 1353 υἱόν,
1075 1301 1176 1353 ε’πὴν
1207 1303 1306 1354 γόου
1338 1301 1376 1350 ἐξ
1407 1302 1499 1353 ἔρον
1531 1303 1618 1354 εἴην
1631 1301 1656 1354 ί,

201 1373 283 1422 leg.
315 1371 579 1423 ἐπεὶ...εἴην
595 1375 627 1417 j.
653 1373 774 1412 Idem
807 1373 965 1411 vitium
998 1374 1066 1410 est
1095 1372 1140 1410 in
1176 1372 1246 1410 his
1277 1371 1499 1412 versibus:

499 1440 650 1479 νύκτασ
682 1437 716 1478 δ’
753 1438 980 1489 ἀλλύεσκεν,
1010 1437 1111 1488 ἐπὴν
1144 1438 1291 1476 ὁαΐὸασ
1324 1442 1546 1488 παραθεῖτο
1580 1438 1649 1478 vel
1679 1438 1844 1489 -θείμκν
1858 1436 1890 1489 ἢ,

500 1504 547 1546 ὃσ
576 1506 618 1546 τὸ
663 1507 944 1558 καταβρόξειεν
975 1505 1076 1556 ε’ττὴν
1107 1510 1273 1557 κρητῆρι
1305 1506 1436 1556 μιγείη
1451 1503 1475 1556 ἶ,

205 1585 388 1624 quorum
421 1577 672 1625 postremus
702 1576 755 1615 ad
786 1574 918 1614 fidem
950 1574 1110 1614 codicis
1136 1574 1293 1623 optimi
1322 1575 1466 1622 potest
1499 1574 1777 1613 emendarint.

499 1640 551 1693 ’ἢν
582 1656 654 1694 περ
685 1641 749 1681 καὶ
782 1641 849 1681 διὰ
881 1642 994 1691 δῶμα
1024 1641 1162 1680 ποδῶν
1192 1639 1330 1679 ἕλκωσι
1361 1641 1512 1691 θύραζε
1526 1648 1560 1690 ⁷1,

206 1710 289 1759 leg.
330 1709 370 1749 εἴ
398 1724 483 1761 περ,
514 1721 567 1750 ne
599 1710 813 1760 particula
843 1723 916 1759 περ
947 1711 1235 1758 postponatur
1272 1709 1509 1758 particulae
1535 1706 1720 1754 modali;
1754 1716 1856 1746 nam
1889 1705 1928 1744 εἴ
1953 1719 2025 1755 περ

207 1776 256 1815 ἄν
289 1778 359 1818 vel
390 1778 535 1828 potius
567 1777 608 1816 εἴ
631 1776 704 1829 πέρ
735 1791 778 1816 κε
809 1777 1030 1816 dicebatur
1043 1784 1073 1816 0.
1107 1777 1490 1825 supervacaneum
1521 1777 1671 1814 autem
1704 1774 1746 1813 h.
1772 1773 1800 1813 1.
1834 1775 1901 1813 est
1932 1780 2023 1812 nest.

326 1846 497 1885 Similia
527 1846 578 1885 de
609 1846 691 1885 hoc
720 1855 853 1885 versu
885 1845 1002 1884 dicta
1032 1846 1185 1883 sunto:

501 1911 553 1963 ἤν
583 1927 655 1962 περ
687 1913 761 1965 γάρ
792 1909 824 1950 κ’
859 1910 1053 1950 ἐθέλωσιν
1085 1910 1286 1960 ἐΰθρονον
1312 1907 1417 1949 ’How
1448 1910 1650 1960 μίμνειν9,

208 1979 281 2019 ubi
311 1980 546 2029 legendum
578 1991 675 2020 esse
702 1979 741 2018 εἴ
766 1994 839 2031 περ
871 1980 1115 2019 luculenter
1143 1981 1335 2019 testatur
1367 1979 1479 2027 quod
1511 1978 1706 2026 sequitur
1737 1990 1793 2016 κε.

327 2047 468 2087 Verba
497 2048 644 2087 Ulixis
675 2048 891 2087 Achillem
923 2048 967 2086 in
997 2057 1188 2096 pugnam
1222 2046 1495 2085 stimulantis
1526 2047 1650 2084 sunt:

505 2121 581 2154 νῦν
607 2116 681 2167 γάρ
708 2112 737 2166 χ’
755 2111 910 2164 ‘'Europ'
942 2113 1060 2164 ἕλοισ,
1085 2113 1168 2152 ἐπεὶ
1195 2112 1244 2151 ἂν
1272 2114 1376 2163 μάλα
1397 2127 1456 2151 τοι
1478 2111 1619 2163 σχεδὸν
1642 2111 1755 2150 ἔλθοι
1778 2111 1863 2156 (vel
1885 2114 1960 2161 -ηι)
1973 2119 2002 2161 Γ,

209 2183 283 2230 qui
315 2192 368 2221 ne
400 2183 548 2232 inepta
578 2183 793 2232 loquatur,
828 2183 971 2222 deleto
1003 2181 1053 2220 ἅν
1086 2184 1130 2221 et
1160 2183 1367 2222 restituto
1399 2181 1519 2220 verbi
1554 2180 1790 2219 indicativo
1821 2179 1927 2227 leg:

506 2256 583 2289 νῦν
612 2251 687 2302 γάρ
723 2246 752 2301 χ’
775 2246 931 2300 ’Ἐκτορ’
966 2248 1148 2299 ἕλοισθα,
1176 2247 1260 2287 ἐπεὶ
1291 2249 1396 2298 μάλα
1432 2263 1492 2286 τοι
1523 2246 1662 2298 σχεδὸν
1692 2241 1832 2297 ἧλθεδ.

327 2317 512 2366 Syntaxi
542 2318 682 2357 invita
713 2327 867 2357 versus
897 2319 1132 2366 sequentes
1163 2316 1379 2366 particula
1407 2330 1450 2354 κε
1481 2318 1584 2355 sunt
1614 2314 1811 2364 spoliati:

505 2381 609 2434 αἶψά
639 2400 677 2424 τε
707 2384 774 2424 καὶ
806 2383 904 2437 μέγα
935 2389 1070 2424 νεῖκοσ
1101 2384 1361 2434 ἐπιστάμενοσ
1392 2382 1676 2432 κατέπαυσενί,

507 2453 668 2492 &noim
697 2453 756 2492 εἰσ
786 2456 905 2504 γαῖαν
937 2453 1093 2492 ἴκοιτοπ
1125 2455 1190 2493 et:
1224 2452 1281 2491 εἰσ
1317 2451 1521 2503 Τάρταρον
1552 2451 1631 2490 ἵκοι
1644 2457 1675 2501 ¹⁷,

212 2520 294 2569 leg.
322 2515 426 2569 αἶψά
451 2528 533 2558 new
559 2523 602 2560 et
630 2520 790 2559 δεκάτκι
812 2516 909 2571 κ’(ε),
935 2522 1044 2559 utin
1062 2531 1190 2560 versu
1211 2520 1352 2559 vicino
1369 2521 1486 2558 recte
1503 2519 1666 2558 tradita
1683 2518 1886 2566 leguntur
1903 2517 2032 2556 haec:

505 2586 602 2627 οὐδέ
631 2602 674 2627 κε
704 2588 834 2626 πάντα
865 2588 1104 2638 τελεσφόρον
1134 2587 1193 2626 εῑσ
1223 2585 1407 2626 ἐνιαυτὸν
1437 2584 1443 2636 Ι
1471 2580 1599 2625 οὖὸασ
1628 2582 1847 2635 2'n01t’(0)²‚

212 2655 284 2694 ubi
315 2657 507 2695 metrum
539 2666 625 2695 non
657 2655 828 2695 sinebat
859 2655 1121 2704 particulam
1154 2668 1197 2693 κε
1228 2656 1278 2693 ut
1307 2653 1397 2693 illic
1429 2653 1614 2702 neglegi.

301 2779 321 2798 a
343 2773 359 2799 λ
381 2771 419 2800 17
445 2779 496 2809 sq.
632 2770 648 2800 b
672 2771 713 2801 In
736 2780 837 2801 versu
862 2770 1043 2801 simillimo
1068 2783 1088 2808 μ
1116 2771 1178 2800 381
1206 2771 1309 2804 ὁπότε,
1333 2777 1399 2799 non
1424 2769 1485 2803 ὅτε,
1510 2771 1563 2798 est
1575 2768 1752 2798 traditum.
1885 2767 2031 2798 cMonro

214 2822 313 2851 Hom.
339 2821 534 2853 Grammar2
558 2824 633 2854 328.
768 2822 791 2853 α’
821 2826 861 2853 M
884 2825 922 2853 41
951 2833 1003 2861 sq.
1138 2832 1155 2853 e
1189 2827 1209 2852 Ι
1233 2822 1306 2852 167.
1442 2823 1465 2860 f
1495 2821 1590 2852 Abiit
1612 2821 1669 2858 μέν
1689 2821 1724 2850 in
1752 2832 1814 2860 κεν,
1837 2820 1902 2850 hoc
1925 2818 1961 2849 in
1985 2820 2031 2849 ἄν.

216 2869 441 2904 Subiunetivo
456 2875 490 2914 (ξ
505 2873 597 2917 1527)
611 2877 709 2906 locus
722 2884 798 2906 esse
811 2885 878 2906 non
892 2876 1040 2906 videtur.
1138 2886 1161 2915 y
1181 2878 1215 2904 X
1228 2876 1268 2905 66
1283 2883 1335 2912 sq.
1425 2875 1445 2905 lz
1468 2876 1552 2912 Pag.
1566 2875 1630 2904 243
1643 2873 1674 2909 d,
1687 2883 1714 2904 e.
1813 2872 1826 2903 i
1849 2873 1881 2902 ,Ω
1895 2873 1958 2903 226
1980 2881 2031 2910 sq.

343 2926 359 2964 7'
382 2928 565 2959 Praeterea
588 2930 674 2967 εἵμην
698 2929 834 2960 videtur
858 2928 1091 2958 scribendum.
1194 2927 1214 2956 k
1236 2932 1257 2968 ῥ’
1273 2928 1364 2957 105τ
1380 2929 1441 2958 150
1457 2940 1480 2957 ω
1495 2928 1570 2958 140.
1672 2925 1685 2956 I
1707 2926 1722 2955 ὁ
1738 2926 1814 2956 222.
1914 2935 1942 2955 m
1966 2926 2032 2954 ἐπεί

216 2976 385 3009 Thierssch
409 2982 443 3010 et
465 2989 556 3011 nunc
576 2981 682 3011 codex
707 2982 747 3018 G,
770 2982 810 3011 ΙΙ.
832 2982 917 3011 1912
942 2981 1079 3018 Proleg.
1093 2980 1181 3018 XLI,
1196 2981 1226 3009 2.
1339 2990 1359 3009 n
1383 2990 1406 3009 π
1421 2981 1496 3010 276.
1615 2988 1633 3008 o
1656 2978 1675 3017 ἓ
1699 2978 1774 3008 329.
1872 2988 1894 3019 p
1919 2979 1947 3007 A
1967 2977 2030 3006 478

221 3033 244 3059 ο
269 3030 344 3066 363,
370 3033 433 3062 680
458 3045 479 3069 μ
507 3033 547 3062 55
572 3033 654 3070 (ἐπεί
676 3032 711 3073 F,
735 3036 811 3072 ὀπήν
835 3032 905 3075 GP)
930 3046 948 3064 υ
973 3035 1012 3064 86
1038 3034 1119 3063 Hes.
1145 3033 1274 3071 Theog.
1291 3033 1353 3063 799
1379 3033 1478 3071 (anniv
1502 3032 1579 3062 cod.
1600 3032 1764 3070 optimus,
1777 3029 1835 3061 alii
1847 3032 1942 3061 recte
1956 3031 2034 3064 amc,

218 3082 276 3112 alii
298 3083 397 3121 ἐπήν).
486 3094 504 3124 q
540 3097 558 3115 σ
584 3087 659 3116 318.
750 3097 767 3116 r
801 3090 821 3116 Ι
842 3088 918 3117 304.
1008 3096 1024 3116 s
1057 3086 1171 3116 Etiam
1196 3087 1286 3121 ἕλοιο,
1311 3081 1406 3122 amir}
1426 3085 1481 3115 vel
1494 3085 1533 3125 ἄρ
1549 3086 1642 3114 recte
1662 3084 1818 3114 haberet.
1909 3083 1922 3112 t
1950 3082 2032 3111 Res.

219 3135 346 3173 Theog.
371 3136 422 3166 87.
535 3147 555 3167 u
578 3137 666 3168 Ibid.
693 3139 768 3169 723.
880 3149 897 3169 v
917 3139 1005 3169 Ibid.
1029 3137 1106 3170 725.
1240 3149 1267 3168 w
1291 3137 1348 3169 Sic
1373 3146 1536 3176 papyrus.
1670 3146 1691 3166 ,τ
1714 3135 1803 3166 Ibid.
1829 3135 1892 3166 ’740
1916 3142 1967 3172 sq.
