<?xml version="1.0" encoding="UTF-8"?>
<!DOCTYPE html PUBLIC "-//W3C//DTD XHTML 1.0 Transitional//EN"
    "http://www.w3.org/TR/xhtml1/DTD/xhtml1-transitional.dtd">
<html xmlns="http://www.w3.org/1999/xhtml" xml:lang="en" lang="en">
 <head>
  <title>
</title>
<meta http-equiv="Content-Type" content="text/html;charset=utf-8" />
  <meta name='ocr-system' content='tesseract 3.04.00' />
  <meta name='ocr-capabilities' content='ocr_page ocr_carea ocr_par ocr_line ocrx_word'/>
</head>
<body>
  <div class='ocr_page' id='page_1' title='image "./enchiridiumdicti00leeuuoft_0148.png"; bbox 0 0 2234 3443; ppageno 0'>
   <div class='ocr_carea' id='block_1_1' title="bbox 281 166 2090 212">
    <p class='ocr_par' dir='ltr' id='par_1_1' title="bbox 281 166 2090 212">
     <span class='ocr_line' id='line_1_1' title="bbox 281 166 2090 212; baseline 0.001 -9"><span class='ocrx_word' id='word_1_1' title='bbox 281 166 362 204; x_wconf 84' lang='lat'>124</span> <span class='ocrx_word' id='word_1_2' title='bbox 1029 174 1084 203; x_wconf 75' lang='lat' dir='ltr'>DE</span> <span class='ocrx_word' id='word_1_3' title='bbox 1116 174 1335 203; x_wconf 68' lang='lat' dir='ltr'>consonis.</span> <span class='ocrx_word' id='word_1_4' title='bbox 1963 166 2001 212; x_wconf 70' lang='grc' dir='ltr'>[ἓ</span> <span class='ocrx_word' id='word_1_5' title='bbox 2034 166 2090 204; x_wconf 78' lang='lat'>40</span> 
     </span>
    </p>
   </div>
   <div class='ocr_carea' id='block_1_2' title="bbox 267 287 2099 2494">
    <p class='ocr_par' dir='ltr' id='par_1_2' title="bbox 272 287 2099 866">
     <span class='ocr_line' id='line_1_2' title="bbox 277 287 2096 339; baseline 0 -12"><span class='ocrx_word' id='word_1_6' title='bbox 277 299 373 327; x_wconf 88' lang='lat' dir='ltr'>esse</span> <span class='ocrx_word' id='word_1_7' title='bbox 420 288 618 327; x_wconf 87' lang='lat' dir='ltr'>conditae</span> <span class='ocrx_word' id='word_1_8' title='bbox 666 289 717 326; x_wconf 84' lang='lat' dir='ltr'>ab</span> <span class='ocrx_word' id='word_1_9' title='bbox 767 287 1018 326; x_wconf 87' lang='lat' dir='ltr'>hominibus</span> <span class='ocrx_word' id='word_1_10' title='bbox 1055 289 1166 327; x_wconf 85' lang='lat' dir='ltr'>artis</span> <span class='ocrx_word' id='word_1_11' title='bbox 1199 291 1241 327; x_wconf 89' lang='lat' dir='ltr'>et</span> <span class='ocrx_word' id='word_1_12' title='bbox 1273 289 1420 327; x_wconf 88' lang='lat' dir='ltr'>iudicii</span> <span class='ocrx_word' id='word_1_13' title='bbox 1451 289 1718 339; x_wconf 81' lang='lat' dir='ltr'>expertibus,</span> <span class='ocrx_word' id='word_1_14' title='bbox 1753 290 1824 337; x_wconf 91' lang='lat' dir='ltr'>qui</span> <span class='ocrx_word' id='word_1_15' title='bbox 1856 300 1910 329; x_wconf 90' lang='lat' dir='ltr'>ne</span> <span class='ocrx_word' id='word_1_16' title='bbox 1942 299 2096 328; x_wconf 86' lang='lat' dir='ltr'>versus</span> 
     </span>
     <span class='ocr_line' id='line_1_3' title="bbox 276 355 2095 409; baseline 0 -15"><span class='ocrx_word' id='word_1_17' title='bbox 276 356 450 403; x_wconf 90' lang='lat' dir='ltr'>quidem</span> <span class='ocrx_word' id='word_1_18' title='bbox 493 365 681 404; x_wconf 85' lang='lat' dir='ltr'>pangere</span> <span class='ocrx_word' id='word_1_19' title='bbox 718 355 895 396; x_wconf 85' lang='lat' dir='ltr'>scirent.</span> <span class='ocrx_word' id='word_1_20' title='bbox 933 355 1074 394; x_wconf 87' lang='lat' dir='ltr'>Minus</span> <span class='ocrx_word' id='word_1_21' title='bbox 1108 356 1301 404; x_wconf 85' lang='lat' dir='ltr'>profecto</span> <span class='ocrx_word' id='word_1_22' title='bbox 1334 357 1518 395; x_wconf 82' lang='lat' dir='ltr'>nocebat</span> <span class='ocrx_word' id='word_1_23' title='bbox 1550 358 1778 405; x_wconf 86' lang='lat' dir='ltr'>antiquum</span> <span class='ocrx_word' id='word_1_24' title='bbox 1807 357 1912 396; x_wconf 89' lang='lat' dir='ltr'>illud</span> <span class='ocrx_word' id='word_1_25' title='bbox 1938 356 2095 409; x_wconf 77' lang='lat' dir='ltr'>lutum,</span> 
     </span>
     <span class='ocr_line' id='line_1_4' title="bbox 275 422 2096 473; baseline 0.001 -13"><span class='ocrx_word' id='word_1_26' title='bbox 275 423 317 460; x_wconf 90' lang='lat' dir='ltr'>in</span> <span class='ocrx_word' id='word_1_27' title='bbox 351 433 434 470; x_wconf 89' lang='lat' dir='ltr'>quo</span> <span class='ocrx_word' id='word_1_28' title='bbox 467 423 571 461; x_wconf 90' lang='lat' dir='ltr'>olim</span> <span class='ocrx_word' id='word_1_29' title='bbox 605 422 845 461; x_wconf 79' lang='lat' dir='ltr'>haerebant</span> <span class='ocrx_word' id='word_1_30' title='bbox 876 422 1073 461; x_wconf 90' lang='lat' dir='ltr'>Dorvillii</span> <span class='ocrx_word' id='word_1_31' title='bbox 1102 425 1144 462; x_wconf 91' lang='lat' dir='ltr'>et</span> <span class='ocrx_word' id='word_1_32' title='bbox 1172 424 1411 472; x_wconf 82' lang='lat' dir='ltr'>Spitzneri!</span> <span class='ocrx_word' id='word_1_33' title='bbox 1440 424 1497 462; x_wconf 88' lang='lat' dir='ltr'>Hi</span> <span class='ocrx_word' id='word_1_34' title='bbox 1515 425 1630 463; x_wconf 90' lang='lat' dir='ltr'>enim</span> <span class='ocrx_word' id='word_1_35' title='bbox 1649 425 1867 473; x_wconf 83' lang='lat' dir='ltr'>negabant</span> <span class='ocrx_word' id='word_1_36' title='bbox 1884 424 2096 462; x_wconf 86' lang='lat' dir='ltr'>traditum</span> 
     </span>
     <span class='ocr_line' id='line_1_5' title="bbox 275 489 2098 540; baseline -0.001 -12"><span class='ocrx_word' id='word_1_37' title='bbox 275 491 521 528; x_wconf 84' lang='lat' dir='ltr'>carminum</span> <span class='ocrx_word' id='word_1_38' title='bbox 563 490 784 538; x_wconf 87' lang='lat' dir='ltr'>epicorum</span> <span class='ocrx_word' id='word_1_39' title='bbox 827 491 998 528; x_wconf 87' lang='lat' dir='ltr'>textum</span> <span class='ocrx_word' id='word_1_40' title='bbox 1042 491 1164 529; x_wconf 89' lang='lat' dir='ltr'>vitiis</span> <span class='ocrx_word' id='word_1_41' title='bbox 1196 491 1394 530; x_wconf 82' lang='lat' dir='ltr'>metricis</span> <span class='ocrx_word' id='word_1_42' title='bbox 1426 491 1638 540; x_wconf 89' lang='lat' dir='ltr'>laborare,</span> <span class='ocrx_word' id='word_1_43' title='bbox 1671 494 1868 531; x_wconf 82' lang='lat' dir='ltr'>recentes</span> <span class='ocrx_word' id='word_1_44' title='bbox 1904 500 2003 529; x_wconf 88' lang='lat' dir='ltr'>vero</span> <span class='ocrx_word' id='word_1_45' title='bbox 2035 489 2098 527; x_wconf 91' lang='lat' dir='ltr'>illi</span> 
     </span>
     <span class='ocr_line' id='line_1_6' title="bbox 272 556 2095 607; baseline 0.002 -14"><span class='ocrx_word' id='word_1_46' title='bbox 272 566 380 603; x_wconf 91' lang='lat' dir='ltr'>quos</span> <span class='ocrx_word' id='word_1_47' title='bbox 428 556 615 595; x_wconf 86' lang='lat' dir='ltr'>dicimus</span> <span class='ocrx_word' id='word_1_48' title='bbox 663 557 801 595; x_wconf 86' lang='lat' dir='ltr'>critici</span> <span class='ocrx_word' id='word_1_49' title='bbox 848 567 896 595; x_wconf 91' lang='lat' dir='ltr'>eo</span> <span class='ocrx_word' id='word_1_50' title='bbox 938 558 1209 596; x_wconf 88' lang='lat' dir='ltr'>devenerunt</span> <span class='ocrx_word' id='word_1_51' title='bbox 1250 560 1297 596; x_wconf 88' lang='lat' dir='ltr'>ut</span> <span class='ocrx_word' id='word_1_52' title='bbox 1339 559 1567 597; x_wconf 86' lang='lat' dir='ltr'>crederent</span> <span class='ocrx_word' id='word_1_53' title='bbox 1607 559 1756 598; x_wconf 88' lang='lat' dir='ltr'>Iliadis</span> <span class='ocrx_word' id='word_1_54' title='bbox 1789 560 2095 607; x_wconf 88' lang='lat' dir='ltr'>Odysseaeque</span> 
     </span>
     <span class='ocr_line' id='line_1_7' title="bbox 273 624 2095 678; baseline -0.001 -16"><span class='ocrx_word' id='word_1_55' title='bbox 273 626 426 672; x_wconf 89' lang='lat' dir='ltr'>poetas</span> <span class='ocrx_word' id='word_1_56' title='bbox 468 626 664 663; x_wconf 89' lang='lat' dir='ltr'>numeris</span> <span class='ocrx_word' id='word_1_57' title='bbox 707 624 878 662; x_wconf 85' lang='lat' dir='ltr'>vitiosis</span> <span class='ocrx_word' id='word_1_58' title='bbox 925 635 1028 663; x_wconf 91' lang='lat' dir='ltr'>usos</span> <span class='ocrx_word' id='word_1_59' title='bbox 1071 635 1168 664; x_wconf 90' lang='lat' dir='ltr'>esse</span> <span class='ocrx_word' id='word_1_60' title='bbox 1210 626 1513 673; x_wconf 85' lang='lat' dir='ltr'>dormitantes,</span> <span class='ocrx_word' id='word_1_61' title='bbox 1548 629 1592 664; x_wconf 91' lang='lat' dir='ltr'>et</span> <span class='ocrx_word' id='word_1_62' title='bbox 1624 626 1753 677; x_wconf 80' lang='grc' dir='ltr'><em>ὥσπερ</em></span> <span class='ocrx_word' id='word_1_63' title='bbox 1785 632 1913 678; x_wconf 78' lang='grc' dir='ltr'><em>γραῦσ</em></span> <span class='ocrx_word' id='word_1_64' title='bbox 1944 624 2095 675; x_wconf 78' lang='grc' dir='ltr'><strong><em>κάχρυσ</em></strong></span> 
     </span>
     <span class='ocr_line' id='line_1_8' title="bbox 272 689 2099 740; baseline 0.001 -13"><span class='ocrx_word' id='word_1_65' title='bbox 272 689 449 728; x_wconf 73' lang='grc' dir='ltr'><em>ἀλούσασ</em></span> <span class='ocrx_word' id='word_1_66' title='bbox 489 691 743 729; x_wconf 86' lang='lat' dir='ltr'>cantillasse</span> <span class='ocrx_word' id='word_1_67' title='bbox 785 691 966 730; x_wconf 81' lang='lat' dir='ltr'>verbula</span> <span class='ocrx_word' id='word_1_68' title='bbox 1007 702 1062 730; x_wconf 90' lang='lat' dir='ltr'>ex</span> <span class='ocrx_word' id='word_1_69' title='bbox 1103 692 1314 731; x_wconf 85' lang='lat' dir='ltr'>obsoletis</span> <span class='ocrx_word' id='word_1_70' title='bbox 1347 693 1566 740; x_wconf 86' lang='lat' dir='ltr'>aliquibus</span> <span class='ocrx_word' id='word_1_71' title='bbox 1599 694 1866 732; x_wconf 84' lang='lat' dir='ltr'>carminibus</span> <span class='ocrx_word' id='word_1_72' title='bbox 1897 692 2099 731; x_wconf 85' lang='lat' dir='ltr'>desumta</span> 
     </span>
     <span class='ocr_line' id='line_1_9' title="bbox 272 758 2012 809; baseline 0.001 -13"><span class='ocrx_word' id='word_1_73' title='bbox 272 760 497 805; x_wconf 87' lang='lat' dir='ltr'>metroque</span> <span class='ocrx_word' id='word_1_74' title='bbox 530 758 670 797; x_wconf 86' lang='lat' dir='ltr'>invito</span> <span class='ocrx_word' id='word_1_75' title='bbox 702 759 766 796; x_wconf 89' lang='lat' dir='ltr'>ita</span> <span class='ocrx_word' id='word_1_76' title='bbox 798 760 1003 797; x_wconf 83' lang='lat' dir='ltr'>truncata</span> <span class='ocrx_word' id='word_1_77' title='bbox 1034 761 1083 797; x_wconf 89' lang='lat' dir='ltr'>ut</span> <span class='ocrx_word' id='word_1_78' title='bbox 1114 759 1282 798; x_wconf 88' lang='lat' dir='ltr'>ferebat</span> <span class='ocrx_word' id='word_1_79' title='bbox 1313 761 1529 799; x_wconf 85' lang='lat' dir='ltr'>recentior</span> <span class='ocrx_word' id='word_1_80' title='bbox 1562 761 1673 799; x_wconf 84' lang='lat' dir='ltr'>ratio</span> <span class='ocrx_word' id='word_1_81' title='bbox 1704 761 1922 809; x_wconf 89' lang='lat' dir='ltr'>loquendi.</span> <span class='ocrx_word' id='word_1_82' title='bbox 1954 760 2012 797; x_wconf 93' lang='lat' dir='ltr'>At</span> 
     </span>
     <span class='ocr_line' id='line_1_10' title="bbox 565 825 1752 866; baseline 0.003 -4"><span class='ocrx_word' id='word_1_83' title='bbox 565 834 651 862; x_wconf 91' lang='lat' dir='ltr'>non</span> <span class='ocrx_word' id='word_1_84' title='bbox 684 825 845 863; x_wconf 79' lang='lat' dir='ltr'>dormit</span> <span class='ocrx_word' id='word_1_85' title='bbox 879 828 1026 864; x_wconf 87' lang='lat' dir='ltr'>vates:</span> <span class='ocrx_word' id='word_1_86' title='bbox 1062 827 1201 865; x_wconf 89' lang='lat' dir='ltr'>critici</span> <span class='ocrx_word' id='word_1_87' title='bbox 1234 837 1314 865; x_wconf 88' lang='lat' dir='ltr'>sua</span> <span class='ocrx_word' id='word_1_88' title='bbox 1346 828 1519 866; x_wconf 88' lang='lat' dir='ltr'>somnia</span> <span class='ocrx_word' id='word_1_89' title='bbox 1550 829 1752 866; x_wconf 74' lang='lat' dir='ltr'>narranti</span> 
     </span>
    </p>

    <p class='ocr_par' dir='ltr' id='par_1_3' title="bbox 269 892 2096 1266">
     <span class='ocr_line' id='line_1_11' title="bbox 389 892 2093 943; baseline 0.001 -14"><span class='ocrx_word' id='word_1_90' title='bbox 389 892 548 930; x_wconf 80' lang='lat' dir='ltr'>Poetas</span> <span class='ocrx_word' id='word_1_91' title='bbox 586 892 700 941; x_wconf 92' lang='lat' dir='ltr'>illos,</span> <span class='ocrx_word' id='word_1_92' title='bbox 743 893 817 939; x_wconf 89' lang='lat' dir='ltr'>qui</span> <span class='ocrx_word' id='word_1_93' title='bbox 861 893 1047 931; x_wconf 79' lang='lat' dir='ltr'>Achillis</span> <span class='ocrx_word' id='word_1_94' title='bbox 1087 895 1212 943; x_wconf 87' lang='lat' dir='ltr'>iram,</span> <span class='ocrx_word' id='word_1_95' title='bbox 1257 895 1460 934; x_wconf 87' lang='lat' dir='ltr'>Hectoris</span> <span class='ocrx_word' id='word_1_96' title='bbox 1503 906 1603 934; x_wconf 90' lang='lat' dir='ltr'>cum</span> <span class='ocrx_word' id='word_1_97' title='bbox 1647 905 1782 934; x_wconf 89' lang='lat' dir='ltr'>uxore</span> <span class='ocrx_word' id='word_1_98' title='bbox 1814 893 2093 942; x_wconf 88' lang='lat' dir='ltr'>colloquium,</span> 
     </span>
     <span class='ocr_line' id='line_1_12' title="bbox 270 958 2093 1011; baseline 0.001 -15"><span class='ocrx_word' id='word_1_99' title='bbox 270 959 433 997; x_wconf 89' lang='lat' dir='ltr'>Priami</span> <span class='ocrx_word' id='word_1_100' title='bbox 474 959 657 1007; x_wconf 88' lang='lat' dir='ltr'>luctum,</span> <span class='ocrx_word' id='word_1_101' title='bbox 700 959 846 998; x_wconf 80' lang='lat' dir='ltr'>Ulixis</span> <span class='ocrx_word' id='word_1_102' title='bbox 889 961 1080 999; x_wconf 86' lang='lat' dir='ltr'>reditum</span> <span class='ocrx_word' id='word_1_103' title='bbox 1124 963 1388 1011; x_wconf 73' lang='lat' dir='ltr'>cecinerunt,</span> <span class='ocrx_word' id='word_1_104' title='bbox 1434 963 1471 1001; x_wconf 92' lang='lat' dir='ltr'>si</span> <span class='ocrx_word' id='word_1_105' title='bbox 1513 963 1610 1011; x_wconf 85' lang='lat' dir='ltr'>quis</span> <span class='ocrx_word' id='word_1_106' title='bbox 1658 964 1795 1001; x_wconf 88' lang='lat' dir='ltr'>credit</span> <span class='ocrx_word' id='word_1_107' title='bbox 1841 960 1920 999; x_wconf 69' lang='grc' dir='ltr'>ἀπὸ</span> <span class='ocrx_word' id='word_1_108' title='bbox 1951 958 1990 998; x_wconf 79' lang='grc' dir='ltr'>ἕο</span> <span class='ocrx_word' id='word_1_109' title='bbox 2024 959 2093 998; x_wconf 88' lang='lat' dir='ltr'>vel</span> 
     </span>
     <span class='ocr_line' id='line_1_13' title="bbox 271 1021 2094 1075; baseline 0.001 -12"><span class='ocrx_word' id='word_1_110' title='bbox 271 1026 384 1072; x_wconf 78' lang='grc' dir='ltr'>τόξδν</span> <span class='ocrx_word' id='word_1_111' title='bbox 430 1021 520 1064; x_wconf 79' lang='grc' dir='ltr'><em>οἶδα</em></span> <span class='ocrx_word' id='word_1_112' title='bbox 568 1027 736 1065; x_wconf 84' lang='lat' dir='ltr'>dixisse</span> <span class='ocrx_word' id='word_1_113' title='bbox 783 1027 879 1066; x_wconf 91' lang='lat' dir='ltr'>ideo</span> <span class='ocrx_word' id='word_1_114' title='bbox 927 1029 1039 1075; x_wconf 88' lang='lat' dir='ltr'>quod</span> <span class='ocrx_word' id='word_1_115' title='bbox 1082 1029 1136 1067; x_wconf 89' lang='lat' dir='ltr'>ab</span> <span class='ocrx_word' id='word_1_116' title='bbox 1178 1029 1277 1068; x_wconf 81' lang='lat' dir='ltr'>aliis</span> <span class='ocrx_word' id='word_1_117' title='bbox 1309 1030 1413 1069; x_wconf 90' lang='lat' dir='ltr'>olim</span> <span class='ocrx_word' id='word_1_118' title='bbox 1447 1030 1623 1069; x_wconf 89' lang='lat' dir='ltr'>vatibus</span> <span class='ocrx_word' id='word_1_119' title='bbox 1655 1031 1699 1068; x_wconf 91' lang='lat' dir='ltr'>in</span> <span class='ocrx_word' id='word_1_120' title='bbox 1731 1030 1829 1068; x_wconf 85' lang='lat' dir='ltr'>aliis</span> <span class='ocrx_word' id='word_1_121' title='bbox 1863 1027 2094 1067; x_wconf 88' lang='lat' dir='ltr'>versiculis</span> 
     </span>
     <span class='ocr_line' id='line_1_14' title="bbox 270 1094 2096 1146; baseline 0.001 -15"><span class='ocrx_word' id='word_1_122' title='bbox 270 1094 477 1142; x_wconf 87' lang='lat' dir='ltr'>producta</span> <span class='ocrx_word' id='word_1_123' title='bbox 519 1097 635 1133; x_wconf 85' lang='lat' dir='ltr'>esset</span> <span class='ocrx_word' id='word_1_124' title='bbox 678 1094 849 1141; x_wconf 85' lang='lat' dir='ltr'>syllaba</span> <span class='ocrx_word' id='word_1_125' title='bbox 890 1108 960 1132; x_wconf 82' lang='grc' dir='ltr'>-πο</span> <span class='ocrx_word' id='word_1_126' title='bbox 1002 1095 1072 1133; x_wconf 86' lang='lat' dir='ltr'>vel</span> <span class='ocrx_word' id='word_1_127' title='bbox 1123 1096 1226 1144; x_wconf 80' lang='grc' dir='ltr'><strong>-ξον,</strong></span> <span class='ocrx_word' id='word_1_128' title='bbox 1260 1097 1298 1134; x_wconf 93' lang='lat' dir='ltr'>is</span> <span class='ocrx_word' id='word_1_129' title='bbox 1331 1098 1467 1136; x_wconf 84' lang='lat' dir='ltr'>etiam</span> <span class='ocrx_word' id='word_1_130' title='bbox 1501 1108 1609 1146; x_wconf 88' lang='lat' dir='ltr'>opus</span> <span class='ocrx_word' id='word_1_131' title='bbox 1641 1098 1867 1136; x_wconf 88' lang='lat' dir='ltr'>musivum</span> <span class='ocrx_word' id='word_1_132' title='bbox 1900 1096 2096 1144; x_wconf 89' lang='lat' dir='ltr'>picturae</span> 
     </span>
     <span class='ocr_line' id='line_1_15' title="bbox 269 1161 2095 1213; baseline 0 -13"><span class='ocrx_word' id='word_1_133' title='bbox 269 1161 666 1200; x_wconf 84' lang='lat' dir='ltr'>Rembrandtianae</span> <span class='ocrx_word' id='word_1_134' title='bbox 712 1162 872 1200; x_wconf 89' lang='lat' dir='ltr'>habeat</span> <span class='ocrx_word' id='word_1_135' title='bbox 917 1163 1057 1201; x_wconf 89' lang='lat' dir='ltr'>instar</span> <span class='ocrx_word' id='word_1_136' title='bbox 1104 1166 1146 1202; x_wconf 86' lang='lat' dir='ltr'>et</span> <span class='ocrx_word' id='word_1_137' title='bbox 1188 1166 1398 1203; x_wconf 91' lang='lat' dir='ltr'>centones</span> <span class='ocrx_word' id='word_1_138' title='bbox 1439 1165 1696 1204; x_wconf 89' lang='lat' dir='ltr'>Homericos</span> <span class='ocrx_word' id='word_1_139' title='bbox 1742 1165 1825 1213; x_wconf 91' lang='lat' dir='ltr'>ipsi</span> <span class='ocrx_word' id='word_1_140' title='bbox 1858 1164 2095 1211; x_wconf 86' lang='lat' dir='ltr'>anteponat</span> 
     </span>
     <span class='ocr_line' id='line_1_16' title="bbox 272 1226 486 1266; baseline 0 -1"><span class='ocrx_word' id='word_1_141' title='bbox 272 1226 486 1266; x_wconf 89' lang='lat' dir='ltr'>Homero!</span> 
     </span>
    </p>

    <p class='ocr_par' dir='ltr' id='par_1_4' title="bbox 270 1294 2096 1478">
     <span class='ocr_line' id='line_1_17' title="bbox 390 1294 2095 1348; baseline 0.002 -16"><span class='ocrx_word' id='word_1_142' title='bbox 390 1294 471 1332; x_wconf 83' lang='lat' dir='ltr'>Sed</span> <span class='ocrx_word' id='word_1_143' title='bbox 502 1305 555 1333; x_wconf 91' lang='lat' dir='ltr'>ne</span> <span class='ocrx_word' id='word_1_144' title='bbox 589 1295 722 1333; x_wconf 86' lang='lat' dir='ltr'>verba</span> <span class='ocrx_word' id='word_1_145' title='bbox 747 1306 822 1344; x_wconf 89' lang='lat' dir='ltr'>pro</span> <span class='ocrx_word' id='word_1_146' title='bbox 852 1297 1124 1344; x_wconf 85' lang='lat' dir='ltr'>argumentis</span> <span class='ocrx_word' id='word_1_147' title='bbox 1151 1297 1254 1336; x_wconf 90' lang='lat' dir='ltr'>dare</span> <span class='ocrx_word' id='word_1_148' title='bbox 1282 1298 1521 1347; x_wconf 89' lang='lat' dir='ltr'>videamur,</span> <span class='ocrx_word' id='word_1_149' title='bbox 1550 1301 1807 1348; x_wconf 88' lang='lat' dir='ltr'>reputemus</span> <span class='ocrx_word' id='word_1_150' title='bbox 1839 1308 1969 1346; x_wconf 89' lang='lat' dir='ltr'>quam</span> <span class='ocrx_word' id='word_1_151' title='bbox 1987 1297 2095 1336; x_wconf 89' lang='lat' dir='ltr'>bene</span> 
     </span>
     <span class='ocr_line' id='line_1_18' title="bbox 272 1361 2096 1415; baseline 0.002 -17"><span class='ocrx_word' id='word_1_152' title='bbox 272 1370 321 1398; x_wconf 86' lang='lat' dir='ltr'>ea</span> <span class='ocrx_word' id='word_1_153' title='bbox 368 1361 514 1409; x_wconf 90' lang='lat' dir='ltr'>opinio</span> <span class='ocrx_word' id='word_1_154' title='bbox 560 1365 772 1409; x_wconf 85' lang='lat' dir='ltr'>congruat</span> <span class='ocrx_word' id='word_1_155' title='bbox 820 1373 918 1401; x_wconf 88' lang='lat' dir='ltr'>cum</span> <span class='ocrx_word' id='word_1_156' title='bbox 963 1363 1115 1402; x_wconf 75' lang='lat' dir='ltr'>iliadis</span> <span class='ocrx_word' id='word_1_157' title='bbox 1148 1363 1243 1403; x_wconf 92' lang='lat' dir='ltr'>loco</span> <span class='ocrx_word' id='word_1_158' title='bbox 1277 1365 1482 1414; x_wconf 81' lang='lat' dir='ltr'>quodam,</span> <span class='ocrx_word' id='word_1_159' title='bbox 1515 1365 1589 1404; x_wconf 89' lang='lat' dir='ltr'>ubi</span> <span class='ocrx_word' id='word_1_160' title='bbox 1623 1367 1819 1415; x_wconf 81' lang='lat' dir='ltr'>Iuppiter</span> <span class='ocrx_word' id='word_1_161' title='bbox 1850 1365 2011 1404; x_wconf 87' lang='lat' dir='ltr'>Iridem</span> <span class='ocrx_word' id='word_1_162' title='bbox 2044 1363 2096 1403; x_wconf 86' lang='lat' dir='ltr'>ad</span> 
     </span>
     <span class='ocr_line' id='line_1_19' title="bbox 270 1427 1053 1478; baseline 0.005 -13"><span class='ocrx_word' id='word_1_163' title='bbox 270 1427 495 1467; x_wconf 83' lang='lat' dir='ltr'>Priamum</span> <span class='ocrx_word' id='word_1_164' title='bbox 528 1430 712 1468; x_wconf 84' lang='lat' dir='ltr'>mittens</span> <span class='ocrx_word' id='word_1_165' title='bbox 743 1430 807 1468; x_wconf 91' lang='lat' dir='ltr'>sic</span> <span class='ocrx_word' id='word_1_166' title='bbox 838 1430 1053 1478; x_wconf 89' lang='lat' dir='ltr'>loquitur:</span> 
     </span>
    </p>

    <p class='ocr_par' dir='ltr' id='par_1_5' title="bbox 566 1496 1752 1684">
     <span class='ocr_line' id='line_1_20' title="bbox 567 1496 1752 1551; baseline 0.004 -17"><span class='ocrx_word' id='word_1_167' title='bbox 567 1496 668 1546; x_wconf 82' lang='grc' dir='ltr'>μηδέ</span> <span class='ocrx_word' id='word_1_168' title='bbox 699 1497 736 1534; x_wconf 85' lang='grc' dir='ltr'>τί</span> <span class='ocrx_word' id='word_1_169' title='bbox 767 1497 808 1535; x_wconf 86' lang='grc' dir='ltr'>οἱ</span> <span class='ocrx_word' id='word_1_170' title='bbox 835 1497 1019 1536; x_wconf 63' lang='lat' dir='ltr'>educator»</span> <span class='ocrx_word' id='word_1_171' title='bbox 1051 1497 1194 1547; x_wconf 81' lang='grc' dir='ltr'><em>μελέτω</em></span> <span class='ocrx_word' id='word_1_172' title='bbox 1232 1499 1360 1549; x_wconf 78' lang='grc' dir='ltr'><em>φρεσί,</em></span> <span class='ocrx_word' id='word_1_173' title='bbox 1395 1499 1497 1549; x_wconf 79' lang='grc' dir='ltr'><em>μηδέ</em></span> <span class='ocrx_word' id='word_1_174' title='bbox 1528 1515 1563 1538; x_wconf 84' lang='grc' dir='ltr'>τι</span> <span class='ocrx_word' id='word_1_175' title='bbox 1594 1500 1752 1551; x_wconf 80' lang='grc' dir='ltr'><em>τάρβοσ·</em></span> 
     </span>
     <span class='ocr_line' id='line_1_21' title="bbox 568 1563 1638 1618; baseline 0.005 -17"><span class='ocrx_word' id='word_1_176' title='bbox 568 1567 676 1603; x_wconf 83' lang='grc' dir='ltr'><em>τοῖον</em></span> <span class='ocrx_word' id='word_1_177' title='bbox 707 1564 782 1616; x_wconf 75' lang='grc' dir='ltr'>γάρ</span> <span class='ocrx_word' id='word_1_178' title='bbox 815 1565 856 1603; x_wconf 81' lang='grc' dir='ltr'>οἱ</span> <span class='ocrx_word' id='word_1_179' title='bbox 884 1565 1049 1615; x_wconf 84' lang='grc' dir='ltr'>πομπὸν</span> <span class='ocrx_word' id='word_1_180' title='bbox 1082 1563 1311 1615; x_wconf 81' lang='grc' dir='ltr'><em>ὀπάσσομεν</em></span> <span class='ocrx_word' id='word_1_181' title='bbox 1343 1568 1638 1618; x_wconf 66' lang='grc' dir='ltr'>Ἀργεϊφόντην,</span> 
     </span>
     <span class='ocr_line' id='line_1_22' title="bbox 566 1627 1511 1684; baseline 0.004 -16"><span class='ocrx_word' id='word_1_182' title='bbox 566 1627 612 1668; x_wconf 79' lang='grc' dir='ltr'>ὃσ</span> <span class='ocrx_word' id='word_1_183' title='bbox 638 1629 720 1678; x_wconf 75' lang='grc' dir='ltr'><em>ἄξει</em></span> <span class='ocrx_word' id='word_1_184' title='bbox 750 1628 826 1670; x_wconf 73' lang='grc' dir='ltr'>ἦόσ</span> <span class='ocrx_word' id='word_1_185' title='bbox 857 1647 926 1670; x_wconf 80' lang='grc' dir='ltr'>κεν</span> <span class='ocrx_word' id='word_1_186' title='bbox 958 1631 1066 1684; x_wconf 76' lang='grc' dir='ltr'><em>ἄγων</em></span> <span class='ocrx_word' id='word_1_187' title='bbox 1100 1636 1247 1684; x_wconf 77' lang='grc' dir='ltr'><em>Ἀχιλῆϊ</em></span> <span class='ocrx_word' id='word_1_188' title='bbox 1273 1634 1511 1684; x_wconf 66' lang='grc' dir='ltr'><em>πελάσσηιῑῑ.</em></span> 
     </span>
    </p>

    <p class='ocr_par' dir='ltr' id='par_1_6' title="bbox 388 1696 2089 1751">
     <span class='ocr_line' id='line_1_23' title="bbox 388 1696 2089 1751; baseline 0.002 -16"><span class='ocrx_word' id='word_1_189' title='bbox 388 1696 517 1736; x_wconf 83' lang='lat' dir='ltr'>Venit</span> <span class='ocrx_word' id='word_1_190' title='bbox 547 1698 630 1737; x_wconf 90' lang='lat' dir='ltr'>Iris</span> <span class='ocrx_word' id='word_1_191' title='bbox 663 1699 715 1738; x_wconf 91' lang='lat' dir='ltr'>ad</span> <span class='ocrx_word' id='word_1_192' title='bbox 747 1709 907 1748; x_wconf 88' lang='lat' dir='ltr'>regem,</span> <span class='ocrx_word' id='word_1_193' title='bbox 941 1703 984 1739; x_wconf 91' lang='lat' dir='ltr'>et</span> <span class='ocrx_word' id='word_1_194' title='bbox 1016 1699 1214 1747; x_wconf 79' lang='grc' dir='ltr'><em>αὐτολεξεὶ</em></span> <span class='ocrx_word' id='word_1_195' title='bbox 1248 1704 1450 1750; x_wconf 85' lang='lat' dir='ltr'>repetens</span> <span class='ocrx_word' id='word_1_196' title='bbox 1483 1713 1591 1750; x_wconf 87' lang='lat' dir='ltr'>quae</span> <span class='ocrx_word' id='word_1_197' title='bbox 1618 1703 1731 1741; x_wconf 87' lang='lat' dir='ltr'>dixit</span> <span class='ocrx_word' id='word_1_198' title='bbox 1757 1704 1880 1751; x_wconf 86' lang='lat' dir='ltr'>pater</span> <span class='ocrx_word' id='word_1_199' title='bbox 1897 1702 2089 1749; x_wconf 90' lang='lat' dir='ltr'>deorum,</span> 
     </span>
    </p>

    <p class='ocr_par' dir='ltr' id='par_1_7' title="bbox 270 1764 1765 2021">
     <span class='ocr_line' id='line_1_24' title="bbox 270 1764 753 1814; baseline 0.006 -13"><span class='ocrx_word' id='word_1_200' title='bbox 270 1764 333 1802; x_wconf 93' lang='lat' dir='ltr'>sic</span> <span class='ocrx_word' id='word_1_201' title='bbox 365 1774 465 1802; x_wconf 90' lang='lat' dir='ltr'>eum</span> <span class='ocrx_word' id='word_1_202' title='bbox 499 1766 753 1814; x_wconf 87' lang='lat' dir='ltr'>compellat:</span> 
     </span>
     <span class='ocr_line' id='line_1_25' title="bbox 565 1832 1765 1887; baseline 0.004 -17"><span class='ocrx_word' id='word_1_203' title='bbox 565 1832 666 1882; x_wconf 79' lang='grc' dir='ltr'>μηδὲ</span> <span class='ocrx_word' id='word_1_204' title='bbox 697 1833 733 1871; x_wconf 80' lang='grc' dir='ltr'>τί</span> <span class='ocrx_word' id='word_1_205' title='bbox 762 1848 820 1871; x_wconf 82' lang='grc' dir='ltr'>τοι</span> <span class='ocrx_word' id='word_1_206' title='bbox 852 1834 1036 1872; x_wconf 80' lang='grc' dir='ltr'><em>θάνατοσ</em></span> <span class='ocrx_word' id='word_1_207' title='bbox 1069 1834 1214 1883; x_wconf 82' lang='grc' dir='ltr'><em>μελέτω</em></span> <span class='ocrx_word' id='word_1_208' title='bbox 1247 1836 1376 1885; x_wconf 78' lang='grc' dir='ltr'><em>φρεσί,</em></span> <span class='ocrx_word' id='word_1_209' title='bbox 1408 1835 1508 1886; x_wconf 81' lang='grc' dir='ltr'>μηδέ</span> <span class='ocrx_word' id='word_1_210' title='bbox 1539 1851 1574 1874; x_wconf 83' lang='grc' dir='ltr'>τι</span> <span class='ocrx_word' id='word_1_211' title='bbox 1606 1837 1765 1887; x_wconf 80' lang='grc' dir='ltr'><em>τάρβοσ·</em></span> 
     </span>
     <span class='ocr_line' id='line_1_26' title="bbox 565 1898 1661 1954; baseline 0.005 -17"><span class='ocrx_word' id='word_1_212' title='bbox 565 1902 674 1938; x_wconf 85' lang='grc' dir='ltr'><em>τοῐοσ</em></span> <span class='ocrx_word' id='word_1_213' title='bbox 704 1900 779 1951; x_wconf 77' lang='grc' dir='ltr'>γάρ</span> <span class='ocrx_word' id='word_1_214' title='bbox 811 1915 871 1939; x_wconf 81' lang='grc' dir='ltr'>τοι</span> <span class='ocrx_word' id='word_1_215' title='bbox 903 1901 1065 1950; x_wconf 80' lang='grc' dir='ltr'>πομπὸσ</span> <span class='ocrx_word' id='word_1_216' title='bbox 1097 1898 1159 1952; x_wconf 75' lang='grc' dir='ltr'>ἅμ’</span> <span class='ocrx_word' id='word_1_217' title='bbox 1195 1901 1334 1950; x_wconf 76' lang='grc' dir='ltr'><em>ἕψεται</em></span> <span class='ocrx_word' id='word_1_218' title='bbox 1366 1903 1661 1954; x_wconf 77' lang='grc' dir='ltr'>Ἀργεϊφόντκσ,</span> 
     </span>
     <span class='ocr_line' id='line_1_27' title="bbox 563 1963 1575 2021; baseline 0.004 -17"><span class='ocrx_word' id='word_1_219' title='bbox 563 1965 608 2004; x_wconf 79' lang='grc' dir='ltr'>ὅσ</span> <span class='ocrx_word' id='word_1_220' title='bbox 639 1963 672 2004; x_wconf 89' lang='grc' dir='ltr'>σ’</span> <span class='ocrx_word' id='word_1_221' title='bbox 706 1966 789 2014; x_wconf 74' lang='grc' dir='ltr'><em>ἄξει</em></span> <span class='ocrx_word' id='word_1_222' title='bbox 820 1964 896 2007; x_wconf 73' lang='grc' dir='ltr'>ἧόσ</span> <span class='ocrx_word' id='word_1_223' title='bbox 928 1983 996 2006; x_wconf 83' lang='grc' dir='ltr'>κεν</span> <span class='ocrx_word' id='word_1_224' title='bbox 1028 1967 1137 2020; x_wconf 74' lang='grc' dir='ltr'><em>ἄγων</em></span> <span class='ocrx_word' id='word_1_225' title='bbox 1170 1973 1315 2021; x_wconf 80' lang='grc' dir='ltr'><em>Ἀχιλῆϊ</em></span> <span class='ocrx_word' id='word_1_226' title='bbox 1341 1970 1575 2020; x_wconf 52' lang='lat' dir='ltr'>manicam&amp;</span> 
     </span>
    </p>

    <p class='ocr_par' dir='ltr' id='par_1_8' title="bbox 267 2032 2093 2494">
     <span class='ocr_line' id='line_1_28' title="bbox 387 2032 2093 2087; baseline 0.004 -16"><span class='ocrx_word' id='word_1_227' title='bbox 387 2032 478 2071; x_wconf 85' lang='lat' dir='ltr'>Hoc</span> <span class='ocrx_word' id='word_1_228' title='bbox 520 2033 613 2073; x_wconf 91' lang='lat' dir='ltr'>loco</span> <span class='ocrx_word' id='word_1_229' title='bbox 666 2038 794 2083; x_wconf 89' lang='lat' dir='ltr'>poeta</span> <span class='ocrx_word' id='word_1_230' title='bbox 836 2036 989 2074; x_wconf 89' lang='lat' dir='ltr'>Iliadis</span> <span class='ocrx_word' id='word_1_231' title='bbox 1034 2059 1087 2064; x_wconf 90' lang='lat'><strong>—</strong></span> <span class='ocrx_word' id='word_1_232' title='bbox 1132 2037 1214 2087; x_wconf 90' lang='lat' dir='ltr'>vel,</span> <span class='ocrx_word' id='word_1_233' title='bbox 1258 2038 1296 2076; x_wconf 90' lang='lat' dir='ltr'>si</span> <span class='ocrx_word' id='word_1_234' title='bbox 1338 2039 1436 2086; x_wconf 89' lang='lat' dir='ltr'>quis</span> <span class='ocrx_word' id='word_1_235' title='bbox 1478 2039 1653 2077; x_wconf 84' lang='lat' dir='ltr'>mavult</span> <span class='ocrx_word' id='word_1_236' title='bbox 1693 2039 1756 2077; x_wconf 85' lang='lat' dir='ltr'>ita</span> <span class='ocrx_word' id='word_1_237' title='bbox 1786 2039 1917 2087; x_wconf 89' lang='lat' dir='ltr'>loqui,</span> <span class='ocrx_word' id='word_1_238' title='bbox 1955 2039 1992 2076; x_wconf 89' lang='lat' dir='ltr'>is</span> <span class='ocrx_word' id='word_1_239' title='bbox 2024 2039 2093 2078; x_wconf 90' lang='lat' dir='ltr'>cui</span> 
     </span>
     <span class='ocr_line' id='line_1_29' title="bbox 268 2099 2092 2153; baseline 0.004 -16"><span class='ocrx_word' id='word_1_240' title='bbox 268 2099 381 2138; x_wconf 88' lang='lat' dir='ltr'>hanc</span> <span class='ocrx_word' id='word_1_241' title='bbox 423 2100 573 2139; x_wconf 79' lang='lat' dir='ltr'>iliadis</span> <span class='ocrx_word' id='word_1_242' title='bbox 614 2105 784 2150; x_wconf 85' lang='lat' dir='ltr'>partem</span> <span class='ocrx_word' id='word_1_243' title='bbox 830 2104 1041 2142; x_wconf 90' lang='lat' dir='ltr'>debemus</span> <span class='ocrx_word' id='word_1_244' title='bbox 1075 2127 1128 2132; x_wconf 92' lang='lat'><strong>—</strong></span> <span class='ocrx_word' id='word_1_245' title='bbox 1161 2106 1383 2153; x_wconf 86' lang='lat' dir='ltr'>putandus</span> <span class='ocrx_word' id='word_1_246' title='bbox 1416 2108 1483 2145; x_wconf 87' lang='lat' dir='ltr'>est</span> <span class='ocrx_word' id='word_1_247' title='bbox 1515 2116 1693 2145; x_wconf 90' lang='lat' dir='ltr'>versum</span> <span class='ocrx_word' id='word_1_248' title='bbox 1726 2107 2034 2145; x_wconf 84' lang='lat' dir='ltr'>hexametrum</span> <span class='ocrx_word' id='word_1_249' title='bbox 2067 2116 2092 2144; x_wconf 85' lang='lat' dir='ltr'>a</span> 
     </span>
     <span class='ocr_line' id='line_1_30' title="bbox 270 2164 2091 2222; baseline 0.005 -19"><span class='ocrx_word' id='word_1_250' title='bbox 270 2166 449 2205; x_wconf 90' lang='lat' dir='ltr'>vocibus</span> <span class='ocrx_word' id='word_1_251' title='bbox 489 2164 534 2205; x_wconf 86' lang='grc' dir='ltr'>ὃσ</span> <span class='ocrx_word' id='word_1_252' title='bbox 576 2166 659 2215; x_wconf 77' lang='grc' dir='ltr'>ἄξει</span> <span class='ocrx_word' id='word_1_253' title='bbox 705 2170 988 2218; x_wconf 88' lang='lat' dir='ltr'>incipientem</span> <span class='ocrx_word' id='word_1_254' title='bbox 1032 2173 1333 2220; x_wconf 89' lang='lat' dir='ltr'>composuisse</span> <span class='ocrx_word' id='word_1_255' title='bbox 1379 2174 1458 2222; x_wconf 83' lang='lat' dir='ltr'>„ad</span> <span class='ocrx_word' id='word_1_256' title='bbox 1501 2173 1751 2222; x_wconf 90' lang='lat' dir='ltr'>exemplum</span> <span class='ocrx_word' id='word_1_257' title='bbox 1795 2174 2091 2221; x_wconf 87' lang='lat' dir='ltr'>antiquiorum</span> 
     </span>
     <span class='ocr_line' id='line_1_31' title="bbox 271 2233 2091 2289; baseline 0.004 -17"><span class='ocrx_word' id='word_1_258' title='bbox 271 2233 544 2282; x_wconf 86' lang='lat' dir='ltr'>„aliquorum</span> <span class='ocrx_word' id='word_1_259' title='bbox 588 2237 895 2276; x_wconf 87' lang='lat' dir='ltr'>carminum&#39;’?</span> <span class='ocrx_word' id='word_1_260' title='bbox 943 2238 1230 2279; x_wconf 86' lang='lat' dir='ltr'>Credimusne</span> <span class='ocrx_word' id='word_1_261' title='bbox 1278 2250 1376 2280; x_wconf 88' lang='lat' dir='ltr'>eum</span> <span class='ocrx_word' id='word_1_262' title='bbox 1428 2242 1668 2289; x_wconf 88' lang='lat' dir='ltr'>„nesciisse</span> <span class='ocrx_word' id='word_1_263' title='bbox 1714 2251 1788 2280; x_wconf 84' lang='lat' dir='ltr'>cur</span> <span class='ocrx_word' id='word_1_264' title='bbox 1834 2241 2091 2289; x_wconf 82' lang='lat' dir='ltr'>produceret</span> 
     </span>
     <span class='ocr_line' id='line_1_32' title="bbox 268 2301 2091 2356; baseline 0.005 -18"><span class='ocrx_word' id='word_1_265' title='bbox 268 2301 485 2349; x_wconf 85' lang='lat' dir='ltr'>syllabam</span> <span class='ocrx_word' id='word_1_266' title='bbox 523 2301 611 2352; x_wconf 71' lang='lat'>30³³,</span> <span class='ocrx_word' id='word_1_267' title='bbox 648 2305 723 2342; x_wconf 92' lang='lat' dir='ltr'>sed</span> <span class='ocrx_word' id='word_1_268' title='bbox 758 2305 809 2343; x_wconf 89' lang='lat' dir='ltr'>ab</span> <span class='ocrx_word' id='word_1_269' title='bbox 843 2305 939 2344; x_wconf 91' lang='lat' dir='ltr'>aliis</span> <span class='ocrx_word' id='word_1_270' title='bbox 971 2307 1206 2354; x_wconf 89' lang='lat' dir='ltr'>aliquando</span> <span class='ocrx_word' id='word_1_271' title='bbox 1234 2308 1486 2347; x_wconf 89' lang='lat' dir='ltr'>cantoribus</span> <span class='ocrx_word' id='word_1_272' title='bbox 1512 2309 1639 2347; x_wconf 89' lang='lat' dir='ltr'>initio</span> <span class='ocrx_word' id='word_1_273' title='bbox 1671 2318 1880 2347; x_wconf 87' lang='lat' dir='ltr'>versuum</span> <span class='ocrx_word' id='word_1_274' title='bbox 1914 2308 2091 2356; x_wconf 88' lang='lat' dir='ltr'>produc-</span> 
     </span>
     <span class='ocr_line' id='line_1_33' title="bbox 269 2369 2090 2425; baseline 0.005 -20"><span class='ocrx_word' id='word_1_275' title='bbox 269 2370 356 2406; x_wconf 90' lang='lat' dir='ltr'>tam</span> <span class='ocrx_word' id='word_1_276' title='bbox 403 2369 626 2408; x_wconf 84' lang='lat' dir='ltr'>audivisse</span> <span class='ocrx_word' id='word_1_277' title='bbox 667 2371 849 2419; x_wconf 90' lang='lat' dir='ltr'>ideoque</span> <span class='ocrx_word' id='word_1_278' title='bbox 892 2374 1150 2421; x_wconf 88' lang='lat' dir='ltr'>produxisse</span> <span class='ocrx_word' id='word_1_279' title='bbox 1190 2375 1367 2423; x_wconf 85' lang='lat' dir='ltr'>ipsum?</span> <span class='ocrx_word' id='word_1_280' title='bbox 1399 2376 1520 2415; x_wconf 88' lang='lat' dir='ltr'>Bona</span> <span class='ocrx_word' id='word_1_281' title='bbox 1551 2375 1704 2414; x_wconf 89' lang='lat' dir='ltr'>verba!</span> <span class='ocrx_word' id='word_1_282' title='bbox 1742 2375 1910 2425; x_wconf 82' lang='lat' dir='ltr'>Quanto</span> <span class='ocrx_word' id='word_1_283' title='bbox 1942 2375 2090 2424; x_wconf 89' lang='lat' dir='ltr'>proba-</span> 
     </span>
     <span class='ocr_line' id='line_1_34' title="bbox 267 2434 2090 2494; baseline 0.004 -22"><span class='ocrx_word' id='word_1_284' title='bbox 267 2434 396 2474; x_wconf 88' lang='lat' dir='ltr'>b1lius</span> <span class='ocrx_word' id='word_1_285' title='bbox 423 2436 664 2475; x_wconf 87' lang='lat' dir='ltr'>Brandreth</span> <span class='ocrx_word' id='word_1_286' title='bbox 694 2440 851 2477; x_wconf 88' lang='lat' dir='ltr'>statuit</span> <span class='ocrx_word' id='word_1_287' title='bbox 877 2443 1052 2488; x_wconf 88' lang='lat' dir='ltr'>poetam</span> <span class='ocrx_word' id='word_1_288' title='bbox 1082 2440 1126 2480; x_wconf 82' lang='grc' dir='ltr'>ὅσ</span> <span class='ocrx_word' id='word_1_289' title='bbox 1152 2438 1246 2494; x_wconf 59' lang='grc' dir='ltr'>ρ’(ε)</span> <span class='ocrx_word' id='word_1_290' title='bbox 1273 2439 1355 2488; x_wconf 73' lang='grc' dir='ltr'><em>ἄξει</em></span> <span class='ocrx_word' id='word_1_291' title='bbox 1382 2443 1562 2490; x_wconf 87' lang='lat' dir='ltr'>dixisse,</span> <span class='ocrx_word' id='word_1_292' title='bbox 1581 2444 1629 2481; x_wconf 85' lang='lat' dir='ltr'>ut</span> <span class='ocrx_word' id='word_1_293' title='bbox 1647 2453 1772 2481; x_wconf 87' lang='lat' dir='ltr'>mox:</span> <span class='ocrx_word' id='word_1_294' title='bbox 1794 2442 1838 2481; x_wconf 82' lang='grc' dir='ltr'>ὅσ</span> <span class='ocrx_word' id='word_1_295' title='bbox 1856 2437 1938 2487; x_wconf 87' lang='grc' dir='ltr'><strong>σ’(ε)</strong></span> <span class='ocrx_word' id='word_1_296' title='bbox 1956 2441 2090 2488; x_wconf 54' lang='lat' dir='ltr'>&amp;gerzo</span> 
     </span>
    </p>
   </div>
   <div class='ocr_carea' id='block_1_3' title="bbox 263 2584 2086 3156">
    <p class='ocr_par' dir='ltr' id='par_1_9' title="bbox 265 2584 2086 2892">
     <span class='ocr_line' id='line_1_35' title="bbox 267 2584 2086 2630; baseline 0.004 -18"><span class='ocrx_word' id='word_1_297' title='bbox 267 2592 414 2618; x_wconf 84' lang='lat' dir='ltr'>„warum</span> <span class='ocrx_word' id='word_1_298' title='bbox 438 2585 488 2614; x_wconf 83' lang='lat' dir='ltr'>sie</span> <span class='ocrx_word' id='word_1_299' title='bbox 513 2585 580 2614; x_wconf 87' lang='lat' dir='ltr'>den</span> <span class='ocrx_word' id='word_1_300' title='bbox 604 2584 727 2616; x_wconf 81' lang='lat' dir='ltr'>Hiatus</span> <span class='ocrx_word' id='word_1_301' title='bbox 751 2596 812 2617; x_wconf 83' lang='lat' dir='ltr'>vor</span> <span class='ocrx_word' id='word_1_302' title='bbox 835 2587 1003 2625; x_wconf 73' lang='lat' dir='ltr'>gewissen</span> <span class='ocrx_word' id='word_1_303' title='bbox 1029 2590 1166 2619; x_wconf 86' lang='lat' dir='ltr'>Worten</span> <span class='ocrx_word' id='word_1_304' title='bbox 1191 2591 1266 2620; x_wconf 81' lang='lat' dir='ltr'>sich</span> <span class='ocrx_word' id='word_1_305' title='bbox 1288 2591 1439 2628; x_wconf 82' lang='lat' dir='ltr'>gefallen</span> <span class='ocrx_word' id='word_1_306' title='bbox 1460 2591 1598 2626; x_wconf 79' lang='lat' dir='ltr'>liessen,</span> <span class='ocrx_word' id='word_1_307' title='bbox 1619 2592 1766 2622; x_wconf 86' lang='lat' dir='ltr'>sondern</span> <span class='ocrx_word' id='word_1_308' title='bbox 1787 2593 1837 2622; x_wconf 85' lang='lat' dir='ltr'>sie</span> <span class='ocrx_word' id='word_1_309' title='bbox 1850 2591 2086 2630; x_wconf 86' lang='lat' dir='ltr'>gebrauchten</span> 
     </span>
     <span class='ocr_line' id='line_1_36' title="bbox 267 2636 2085 2682; baseline 0.004 -18"><span class='ocrx_word' id='word_1_310' title='bbox 267 2636 382 2673; x_wconf 75' lang='lat' dir='ltr'>„diese</span> <span class='ocrx_word' id='word_1_311' title='bbox 416 2636 622 2673; x_wconf 80' lang='lat' dir='ltr'>Freiheiten,</span> <span class='ocrx_word' id='word_1_312' title='bbox 655 2638 731 2668; x_wconf 85' lang='lat' dir='ltr'>weil</span> <span class='ocrx_word' id='word_1_313' title='bbox 762 2640 810 2669; x_wconf 80' lang='lat' dir='ltr'>eie</span> <span class='ocrx_word' id='word_1_314' title='bbox 842 2641 876 2669; x_wconf 88' lang='lat' dir='ltr'>in</span> <span class='ocrx_word' id='word_1_315' title='bbox 907 2641 1127 2672; x_wconf 80' lang='lat' dir='ltr'>zablreichen</span> <span class='ocrx_word' id='word_1_316' title='bbox 1153 2643 1398 2674; x_wconf 78' lang='lat' dir='ltr'>formelhaften</span> <span class='ocrx_word' id='word_1_317' title='bbox 1422 2644 1656 2682; x_wconf 79' lang='lat' dir='ltr'>Wendungen,</span> <span class='ocrx_word' id='word_1_318' title='bbox 1682 2646 1716 2674; x_wconf 90' lang='lat' dir='ltr'>in</span> <span class='ocrx_word' id='word_1_319' title='bbox 1741 2643 1869 2675; x_wconf 84' lang='lat' dir='ltr'>Versen</span> <span class='ocrx_word' id='word_1_320' title='bbox 1893 2645 1962 2674; x_wconf 90' lang='lat' dir='ltr'>und</span> <span class='ocrx_word' id='word_1_321' title='bbox 1987 2643 2085 2673; x_wconf 82' lang='lat' dir='ltr'>Vers-</span> 
     </span>
     <span class='ocr_line' id='line_1_37' title="bbox 267 2689 2084 2736; baseline 0.004 -19"><span class='ocrx_word' id='word_1_322' title='bbox 267 2697 459 2727; x_wconf 85' lang='lat' dir='ltr'>„grnppen‚</span> <span class='ocrx_word' id='word_1_323' title='bbox 495 2689 550 2719; x_wconf 88' lang='lat' dir='ltr'>die</span> <span class='ocrx_word' id='word_1_324' title='bbox 585 2699 665 2720; x_wconf 80' lang='lat' dir='ltr'>man</span> <span class='ocrx_word' id='word_1_325' title='bbox 700 2700 761 2721; x_wconf 80' lang='lat' dir='ltr'>aus</span> <span class='ocrx_word' id='word_1_326' title='bbox 798 2693 893 2722; x_wconf 85' lang='lat' dir='ltr'>einer</span> <span class='ocrx_word' id='word_1_327' title='bbox 929 2695 1092 2724; x_wconf 77' lang='lat' dir='ltr'>friiheren</span> <span class='ocrx_word' id='word_1_328' title='bbox 1128 2694 1273 2726; x_wconf 88' lang='lat' dir='ltr'>Periode</span> <span class='ocrx_word' id='word_1_329' title='bbox 1308 2696 1369 2725; x_wconf 84' lang='lat' dir='ltr'>der</span> <span class='ocrx_word' id='word_1_330' title='bbox 1401 2695 1578 2735; x_wconf 79' lang='lat' dir='ltr'>Dichtung</span> <span class='ocrx_word' id='word_1_331' title='bbox 1609 2697 1857 2727; x_wconf 76' lang='lat' dir='ltr'>fibernommen</span> <span class='ocrx_word' id='word_1_332' title='bbox 1889 2697 1996 2736; x_wconf 81' lang='lat' dir='ltr'>hatte,</span> <span class='ocrx_word' id='word_1_333' title='bbox 2018 2705 2084 2725; x_wconf 85' lang='lat' dir='ltr'>von</span> 
     </span>
     <span class='ocr_line' id='line_1_38' title="bbox 268 2741 2086 2787; baseline 0.004 -18"><span class='ocrx_word' id='word_1_334' title='bbox 268 2741 456 2776; x_wconf 79' lang='lat' dir='ltr'>„altersher</span> <span class='ocrx_word' id='word_1_335' title='bbox 492 2743 685 2774; x_wconf 81' lang='lat' dir='ltr'>vorkamen.</span> <span class='ocrx_word' id='word_1_336' title='bbox 722 2745 798 2774; x_wconf 87' lang='lat' dir='ltr'>Wer</span> <span class='ocrx_word' id='word_1_337' title='bbox 833 2745 905 2774; x_wconf 80' lang='lat' dir='ltr'>also</span> <span class='ocrx_word' id='word_1_338' title='bbox 940 2746 1046 2776; x_wconf 78' lang='lat' dir='ltr'>heuto</span> <span class='ocrx_word' id='word_1_339' title='bbox 1079 2746 1179 2777; x_wconf 86' lang='lat' dir='ltr'>einen</span> <span class='ocrx_word' id='word_1_340' title='bbox 1209 2749 1591 2787; x_wconf 78' lang='lat' dir='ltr'>sprachgeschichtlich</span> <span class='ocrx_word' id='word_1_341' title='bbox 1621 2750 1859 2779; x_wconf 77' lang='lat' dir='ltr'>reformierten</span> <span class='ocrx_word' id='word_1_342' title='bbox 1883 2749 2086 2778; x_wconf 78' lang='lat' dir='ltr'>Homertext</span> 
     </span>
     <span class='ocr_line' id='line_1_39' title="bbox 269 2793 2082 2838; baseline 0.004 -15.078"><span class='ocrx_word' id='word_1_343' title='bbox 269 2793 422 2833; x_wconf 63' lang='lat' dir='ltr'>‚dx-uem,</span> <span class='ocrx_word' id='word_1_344' title='bbox 445 2794 506 2824; x_wconf 89' lang='lat' dir='ltr'>der</span> <span class='ocrx_word' id='word_1_345' title='bbox 529 2794 671 2825; x_wconf 85' lang='lat' dir='ltr'>handelt</span> <span class='ocrx_word' id='word_1_346' title='bbox 698 2797 817 2832; x_wconf 79' lang='lat' dir='ltr'>falsch,</span> <span class='ocrx_word' id='word_1_347' title='bbox 842 2806 937 2826; x_wconf 82' lang='lat' dir='ltr'>wenn</span> <span class='ocrx_word' id='word_1_348' title='bbox 963 2807 999 2827; x_wconf 87' lang='lat' dir='ltr'>er</span> <span class='ocrx_word' id='word_1_349' title='bbox 1025 2799 1085 2828; x_wconf 80' lang='lat' dir='ltr'>das</span> <span class='ocrx_word' id='word_1_350' title='bbox 1108 2811 1131 2837; x_wconf 76' lang='lat' dir='ltr'><em>f</em></span> <span class='ocrx_word' id='word_1_351' title='bbox 1155 2801 1218 2830; x_wconf 76' lang='lat' dir='ltr'>mit</span> <span class='ocrx_word' id='word_1_352' title='bbox 1241 2800 1458 2838; x_wconf 57' lang='lat' dir='ltr'>aufnimmff&#39;,</span> <span class='ocrx_word' id='word_1_353' title='bbox 1482 2799 1591 2831; x_wconf 85' lang='lat' dir='ltr'>Cauer</span> <span class='ocrx_word' id='word_1_354' title='bbox 1615 2803 1703 2832; x_wconf 86' lang='lat' dir='ltr'>Berl.</span> <span class='ocrx_word' id='word_1_355' title='bbox 1730 2801 1970 2832; x_wconf 84' lang='lat' dir='ltr'>Woohenschr.</span> <span class='ocrx_word' id='word_1_356' title='bbox 1998 2801 2082 2830; x_wconf 83' lang='lat'>1889</span> 
     </span>
     <span class='ocr_line' id='line_1_40' title="bbox 265 2845 2083 2892; baseline 0.004 -18"><span class='ocrx_word' id='word_1_357' title='bbox 265 2848 315 2880; x_wconf 87' lang='lat'>(=</span> <span class='ocrx_word' id='word_1_358' title='bbox 344 2845 582 2884; x_wconf 80' lang='lat' dir='ltr'>Grnndfragen</span> <span class='ocrx_word' id='word_1_359' title='bbox 610 2848 670 2878; x_wconf 87' lang='lat' dir='ltr'>der</span> <span class='ocrx_word' id='word_1_360' title='bbox 693 2849 946 2879; x_wconf 83' lang='lat' dir='ltr'>Homerkritik²</span> <span class='ocrx_word' id='word_1_361' title='bbox 974 2851 1189 2892; x_wconf 85' lang='lat'>1909‚100).</span> <span class='ocrx_word' id='word_1_362' title='bbox 1323 2864 1342 2883; x_wconf 85' lang='lat' dir='ltr'>a</span> <span class='ocrx_word' id='word_1_363' title='bbox 1367 2854 1398 2883; x_wconf 87' lang='grc' dir='ltr'><em>Ω</em></span> <span class='ocrx_word' id='word_1_364' title='bbox 1424 2855 1488 2884; x_wconf 83' lang='grc'>152</span> <span class='ocrx_word' id='word_1_365' title='bbox 1513 2863 1588 2891; x_wconf 85' lang='lat' dir='ltr'>sqq.</span> <span class='ocrx_word' id='word_1_366' title='bbox 1724 2854 1740 2884; x_wconf 86' lang='lat' dir='ltr'>b</span> <span class='ocrx_word' id='word_1_367' title='bbox 1766 2853 1854 2885; x_wconf 80' lang='lat' dir='ltr'>Ibid.</span> <span class='ocrx_word' id='word_1_368' title='bbox 1867 2863 1916 2883; x_wconf 86' lang='lat' dir='ltr'>vs.</span> <span class='ocrx_word' id='word_1_369' title='bbox 1932 2854 1992 2883; x_wconf 89' lang='lat'>181</span> <span class='ocrx_word' id='word_1_370' title='bbox 2008 2861 2083 2890; x_wconf 85' lang='lat' dir='ltr'>sqq.</span> 
     </span>
    </p>

    <p class='ocr_par' dir='ltr' id='par_1_10' title="bbox 263 2898 2085 3156">
     <span class='ocr_line' id='line_1_41' title="bbox 395 2898 2085 2943; baseline 0.004 -15"><span class='ocrx_word' id='word_1_371' title='bbox 395 2908 411 2928; x_wconf 82' lang='lat' dir='ltr'>c</span> <span class='ocrx_word' id='word_1_372' title='bbox 437 2898 518 2929; x_wconf 78' lang='lat' dir='ltr'>Post</span> <span class='ocrx_word' id='word_1_373' title='bbox 540 2901 805 2931; x_wconf 81' lang='lat' dir='ltr'>Brandrethium</span> <span class='ocrx_word' id='word_1_374' title='bbox 830 2902 920 2932; x_wconf 82' lang='lat' dir='ltr'>idem</span> <span class='ocrx_word' id='word_1_375' title='bbox 945 2903 1224 2935; x_wconf 78' lang='lat' dir='ltr'>demonstrarunt</span> <span class='ocrx_word' id='word_1_376' title='bbox 1254 2906 1388 2936; x_wconf 84' lang='lat' dir='ltr'>Bekker</span> <span class='ocrx_word' id='word_1_377' title='bbox 1411 2908 1510 2937; x_wconf 88' lang='lat' dir='ltr'>Hom.</span> <span class='ocrx_word' id='word_1_378' title='bbox 1534 2906 1666 2937; x_wconf 61' lang='lat' dir='ltr'>Blatter</span> <span class='ocrx_word' id='word_1_379' title='bbox 1691 2908 1788 2943; x_wconf 83' lang='lat'>1863,</span> <span class='ocrx_word' id='word_1_380' title='bbox 1811 2907 1827 2937; x_wconf 94' lang='lat'>1</span> <span class='ocrx_word' id='word_1_381' title='bbox 1853 2908 1916 2936; x_wconf 89' lang='grc'>319</span> <span class='ocrx_word' id='word_1_382' title='bbox 1929 2906 2085 2936; x_wconf 79' lang='lat' dir='ltr'>etCobet</span> 
     </span>
     <span class='ocr_line' id='line_1_42' title="bbox 264 2950 2085 2998; baseline 0.005 -19"><span class='ocrx_word' id='word_1_383' title='bbox 264 2950 430 2980; x_wconf 62' lang='lat' dir='ltr'>Mnemon.</span> <span class='ocrx_word' id='word_1_384' title='bbox 454 2953 549 2988; x_wconf 79' lang='lat'>1874,</span> <span class='ocrx_word' id='word_1_385' title='bbox 569 2954 644 2983; x_wconf 88' lang='lat'>203.</span> <span class='ocrx_word' id='word_1_386' title='bbox 665 2955 774 2984; x_wconf 86' lang='lat' dir='ltr'>Cauer</span> <span class='ocrx_word' id='word_1_387' title='bbox 794 2958 911 2984; x_wconf 86' lang='lat' dir='ltr'>contra</span> <span class='ocrx_word' id='word_1_388' title='bbox 933 2955 1096 2986; x_wconf 84' lang='lat' dir='ltr'>Grundfr.</span> <span class='ocrx_word' id='word_1_389' title='bbox 1118 2957 1163 2987; x_wconf 87' lang='lat'>1.1.</span> <span class='ocrx_word' id='word_1_390' title='bbox 1183 2957 1298 2998; x_wconf 85' lang='lat' dir='ltr'>(not.):</span> <span class='ocrx_word' id='word_1_391' title='bbox 1322 2959 1402 2995; x_wconf 69' lang='lat' dir='ltr'>„das</span> <span class='ocrx_word' id='word_1_392' title='bbox 1422 2960 1533 2997; x_wconf 83' lang='lat' dir='ltr'>klingt</span> <span class='ocrx_word' id='word_1_393' title='bbox 1551 2960 1631 2990; x_wconf 79' lang='lat' dir='ltr'>sehr</span> <span class='ocrx_word' id='word_1_394' title='bbox 1651 2959 1848 2997; x_wconf 77' lang='lat' dir='ltr'>schlagend,</span> <span class='ocrx_word' id='word_1_395' title='bbox 1863 2961 1897 2989; x_wconf 93' lang='lat' dir='ltr'>in</span> <span class='ocrx_word' id='word_1_396' title='bbox 1910 2959 2085 2989; x_wconf 78' lang='lat' dir='ltr'>Wahrheit</span> 
     </span>
     <span class='ocr_line' id='line_1_43' title="bbox 266 3002 2083 3050; baseline 0.006 -19"><span class='ocrx_word' id='word_1_397' title='bbox 266 3002 368 3038; x_wconf 81' lang='lat' dir='ltr'>„aber</span> <span class='ocrx_word' id='word_1_398' title='bbox 388 3004 433 3032; x_wconf 81' lang='lat' dir='ltr'>ist</span> <span class='ocrx_word' id='word_1_399' title='bbox 451 3012 486 3034; x_wconf 75' lang='lat' dir='ltr'>es</span> <span class='ocrx_word' id='word_1_400' title='bbox 506 3005 595 3035; x_wconf 87' lang='lat' dir='ltr'>doch</span> <span class='ocrx_word' id='word_1_401' title='bbox 620 3007 731 3036; x_wconf 87' lang='lat' dir='ltr'>reiner</span> <span class='ocrx_word' id='word_1_402' title='bbox 750 3008 871 3043; x_wconf 70' lang='lat' dir='ltr'>ZufalL</span> <span class='ocrx_word' id='word_1_403' title='bbox 892 3007 972 3036; x_wconf 84' lang='lat' dir='ltr'>dass</span> <span class='ocrx_word' id='word_1_404' title='bbox 991 3008 1048 3038; x_wconf 86' lang='lat' dir='ltr'>die</span> <span class='ocrx_word' id='word_1_405' title='bbox 1068 3009 1239 3040; x_wconf 86' lang='lat' dir='ltr'>Griechen</span> <span class='ocrx_word' id='word_1_406' title='bbox 1265 3011 1325 3041; x_wconf 86' lang='lat' dir='ltr'>der</span> <span class='ocrx_word' id='word_1_407' title='bbox 1348 3012 1508 3050; x_wconf 66' lang='lat' dir='ltr'>spateren</span> <span class='ocrx_word' id='word_1_408' title='bbox 1530 3013 1603 3042; x_wconf 85' lang='lat' dir='ltr'>Zeit</span> <span class='ocrx_word' id='word_1_409' title='bbox 1623 3012 1688 3042; x_wconf 89' lang='lat' dir='ltr'>den</span> <span class='ocrx_word' id='word_1_410' title='bbox 1709 3012 1906 3042; x_wconf 77' lang='lat' dir='ltr'>Hauchlaut</span> <span class='ocrx_word' id='word_1_411' title='bbox 1925 3012 2021 3041; x_wconf 83' lang='lat' dir='ltr'>nicht</span> <span class='ocrx_word' id='word_1_412' title='bbox 2033 3011 2083 3041; x_wconf 80' lang='lat' dir='ltr'>als</span> 
     </span>
     <span class='ocr_line' id='line_1_44' title="bbox 263 3054 2082 3102; baseline 0.007 -18"><span class='ocrx_word' id='word_1_413' title='bbox 263 3054 496 3094; x_wconf 77' lang='lat' dir='ltr'>„besonderen</span> <span class='ocrx_word' id='word_1_414' title='bbox 529 3058 747 3089; x_wconf 76' lang='lat' dir='ltr'>Buchetaben</span> <span class='ocrx_word' id='word_1_415' title='bbox 778 3060 973 3096; x_wconf 85' lang='lat' dir='ltr'>schrieben,</span> <span class='ocrx_word' id='word_1_416' title='bbox 1001 3061 1073 3091; x_wconf 75' lang='lat' dir='ltr'>also</span> <span class='ocrx_word' id='word_1_417' title='bbox 1093 3063 1147 3091; x_wconf 84' lang='lat' dir='ltr'>ein</span> <span class='ocrx_word' id='word_1_418' title='bbox 1169 3065 1465 3102; x_wconf 79' lang='lat' dir='ltr'>apostrophiertes</span> <span class='ocrx_word' id='word_1_419' title='bbox 1486 3064 1551 3102; x_wconf 65' lang='lat' dir='ltr'>Me)</span> <span class='ocrx_word' id='word_1_420' title='bbox 1574 3063 1671 3094; x_wconf 81' lang='lat' dir='ltr'>nicht</span> <span class='ocrx_word' id='word_1_421' title='bbox 1690 3065 1878 3095; x_wconf 82' lang='lat' dir='ltr'>darstelleu</span> <span class='ocrx_word' id='word_1_422' title='bbox 1898 3066 2082 3096; x_wconf 78' lang='lat' dir='ltr'>konnten&#39;&#39;.</span> 
     </span>
     <span class='ocr_line' id='line_1_45' title="bbox 263 3107 2083 3156; baseline 0.007 -20"><span class='ocrx_word' id='word_1_423' title='bbox 263 3107 353 3136; x_wconf 86' lang='lat' dir='ltr'>Eece</span> <span class='ocrx_word' id='word_1_424' title='bbox 385 3107 567 3140; x_wconf 74' lang='lat' dir='ltr'>litterarum</span> <span class='ocrx_word' id='word_1_425' title='bbox 599 3114 632 3140; x_wconf 83' lang='lat' dir='ltr'>ct</span> <span class='ocrx_word' id='word_1_426' title='bbox 661 3121 805 3141; x_wconf 76' lang='lat' dir='ltr'>sonorum</span> <span class='ocrx_word' id='word_1_427' title='bbox 839 3113 995 3142; x_wconf 78' lang='lat' dir='ltr'>confusio</span> <span class='ocrx_word' id='word_1_428' title='bbox 1026 3114 1085 3143; x_wconf 86' lang='lat' dir='ltr'>illa</span> <span class='ocrx_word' id='word_1_429' title='bbox 1115 3115 1410 3153; x_wconf 74' lang='lat' dir='ltr'>perniciosissima</span> <span class='ocrx_word' id='word_1_430' title='bbox 1437 3115 1530 3156; x_wconf 79' lang='lat' dir='ltr'>(pag.</span> <span class='ocrx_word' id='word_1_431' title='bbox 1558 3118 1618 3147; x_wconf 87' lang='lat'>121</span> <span class='ocrx_word' id='word_1_432' title='bbox 1632 3116 1679 3155; x_wconf 88' lang='lat' dir='ltr'>b)!</span> <span class='ocrx_word' id='word_1_433' title='bbox 1705 3117 1795 3154; x_wconf 87' lang='lat' dir='ltr'>Quid</span> <span class='ocrx_word' id='word_1_434' title='bbox 1819 3120 1933 3148; x_wconf 84' lang='lat' dir='ltr'>antem</span> <span class='ocrx_word' id='word_1_435' title='bbox 1959 3118 2083 3149; x_wconf 86' lang='lat' dir='ltr'>Graeci</span> 
     </span>
    </p>
   </div>
  </div>
 </body>
</html>
