2234 3443
220 182 276 221 50
1011 188 1065 215 DE
1097 187 1254 216 ΜΕΤΒΟ.
1812 143 1817 147 -
1940 174 1980 218 [ἓ
2014 173 2038 211 3

220 305 376 344 ceteris
432 304 665 343 crebriora.
724 302 814 350 Qua
871 301 914 339 in
972 311 1017 339 re
1074 300 1251 339 Graecis
1306 297 1580 338 hexametris
1636 296 1875 336 dissimiles
1921 296 2040 336 fuere

219 371 407 411 Latinib.

337 438 482 476 Etiam
523 438 621 486 post
662 437 782 475 arsin
822 435 945 484 pedis
986 434 1105 472 tertii
1147 433 1279 471 incidi
1320 433 1527 480 poterant
1569 441 1725 470 versus
1766 431 1889 483 epici,
1933 440 2043 478 quae

220 505 457 544 masculina
502 505 595 543 sive
638 500 947 552 πενθημιμερήσ
990 502 1147 539 vocata
1189 501 1258 538 est
1299 509 1495 538 caesura.
1549 499 1734 537 Priusne
1775 498 1899 537 obliti
1939 498 2044 536 sunt

218 573 420 612 homines
462 573 773 610 hexametrum
815 580 837 608 e
879 568 1046 608 duobus
1079 567 1312 606 versiculis
1352 565 1627 605 brevioribus
1664 565 1880 604 coaluisse
1911 575 2044 613 quam

220 642 326 679 haec
353 649 534 678 caesura
560 649 642 677 usu
670 637 822 677 venit?
850 638 919 676 An
942 636 1098 684 prioris
1126 633 1332 673 versiculi
1359 643 1445 672 non
1472 632 1656 671 initialis
1682 632 1856 671 tantum
1873 632 2046 680 syllaba

220 709 296 746 sed
339 708 382 746 et
420 706 566 745 finalis
605 705 837 753 aliquando
870 703 1011 752 potuit
1043 703 1271 751 supprimi,
1306 703 1355 739 ut
1387 705 1542 749 postea
1573 700 1740 738 factum
1773 701 1840 738 est
1871 700 1914 738 in
1946 710 2045 749 pen-

219 774 425 813 tametris
458 774 693 821 elegiacis?
727 772 937 821 Quicquid
970 771 1012 809 id
1045 772 1125 819 est,
1160 771 1204 808 in
1237 768 1506 808 carminibus
1538 767 1672 816 epicis
1704 766 1842 806 rarior
1873 767 2047 814 quidem

221 844 290 880 est
332 851 514 880 caesura
555 840 802 878 masculina
834 849 965 887 quam
1003 838 1231 886 feminina,
1266 836 1452 874 minime
1482 837 1633 874 tamen
1664 842 1802 874 rarae.
1837 834 2048 883 Exemplo

221 909 279 947 sit
311 908 534 956 Odysseae
566 917 720 946 versus
753 906 998 946 secundus:

393 972 597 1026 ’πλάγχθη
630 973 711 1012 ἐπεὶ
751 973 897 1022 Τροίκσ
921 970 936 1024 ΙΙ
961 971 1067 1021 ἱερὸν
1098 971 1338 1020 πτολίεθρον
1370 969 1517 1019 ἔπερσε.

339 1042 718 1090 Frequentissima
745 1044 971 1090 praeterea
996 1041 1039 1079 in
1060 1039 1260 1078 versibus
1286 1039 1473 1077 heroicis
1501 1040 1569 1077 est
1585 1048 1726 1086 pausa
1737 1042 1829 1086 post
1845 1039 2047 1085 Quartum

222 1111 448 1160 dactylum,
492 1120 603 1157 quae
646 1110 822 1148 nomine
865 1109 1014 1147 minus
1055 1109 1156 1156 apto
1198 1106 1395 1145 diaeresis
1437 1105 1619 1144 bucolica
1661 1106 1816 1144 vocata
1849 1106 1916 1143 est
1951 1104 2046 1143 ideo

223 1179 335 1226 quod
382 1186 490 1216 aevo
537 1176 895 1215 Ptolemaeorum
940 1175 1066 1214 illam
1115 1183 1301 1223 pausam
1351 1172 1566 1220 singulari
1613 1173 1759 1211 studio
1799 1172 2048 1220 appetivere

221 1248 374 1294 poetae
421 1240 650 1282 bucolicid.
692 1243 775 1282 Diu
816 1248 915 1282 ante
955 1243 1055 1281 illos
1097 1244 1249 1290 poetae
1293 1241 1403 1289 epici
1446 1240 1675 1279 enuntiata
1712 1240 1931 1288 permulta
1966 1240 2048 1279 hae

224 1322 433 1352 versuum
466 1312 569 1350 sede
601 1311 864 1359 inciderunt,
894 1310 1068 1358 dactylo
1100 1309 1386 1358 potissimum
1418 1309 1523 1347 tunc
1550 1308 1594 1345 in
1622 1310 1776 1355 quarto
1802 1308 1910 1356 pede
1937 1309 2046 1357 usie,

224 1392 291 1420 ex.
325 1391 388 1429 gr.
420 1380 465 1418 in
499 1379 719 1426 Odysseae
751 1380 823 1427 qui
854 1379 945 1417 iam
978 1378 1139 1417 allatus
1172 1380 1240 1416 est
1272 1386 1405 1416 versu
1436 1376 1617 1415 initiali:

403 1445 531 1496 ἄνδρα
563 1461 631 1495 μοι
659 1445 813 1491 ἔννεπε,
846 1447 1013 1495 Μοῦσα,
1045 1445 1314 1494 πολύτροπον,
1343 1440 1348 1496 Ι
1376 1441 1423 1482 ὃσ
1455 1444 1559 1494 μάλα
1590 1442 1716 1481 πολλὰ
1748 1441 1821 1482 κτὲ.

344 1515 446 1563 Ipsa
489 1524 619 1562 saepe
661 1515 855 1552 narratio
898 1515 979 1552 hac
1021 1514 1272 1553 hexametri
1314 1514 1415 1553 sede
1458 1513 1670 1562 constitit,
1711 1513 1775 1551 ita
1807 1513 1855 1550 ut
1887 1521 1912 1549 a
1942 1511 2048 1559 pede

225 1582 377 1631 quinto
409 1591 524 1620 nova
555 1581 754 1630 pericope
787 1581 1024 1629 ordiretur;
1060 1592 1128 1620 ex.
1163 1592 1248 1630 gr.:

402 1650 428 1687 {l
461 1645 493 1686 δ’
533 1645 718 1700 ἀρέκουό
755 1647 836 1697 ἅμα
867 1651 967 1686 τοῖσι
999 1650 1106 1699 γυνὴ
1135 1644 1246 1686 ’niem
1279 1669 1334 1674 ——
1367 1646 1372 1697 Ι
1401 1646 1526 1697 αὐτὰρ
1558 1645 1751 1697 Άχιλλεὺσ
1782 1644 1905 1684 κτὲυῗΙ

401 1717 474 1755 τήν
505 1715 554 1767 ῥα
586 1715 674 1767 βίκι
706 1714 900 1768 ἀρέκουτα
934 1713 1148 1768 ἀπέρραον.
1181 1738 1236 1743 --
1268 1713 1273 1766 Ι
1302 1714 1426 1766 αὐτὰρ
1452 1711 1670 1753 Ὀδυσσεὺσ
1703 1712 1821 1754 κτὲ.9.

405 1783 633 1833 δησάμειόσ
667 1779 700 1821 ὸ’
738 1782 816 1821 ὑπὸ
850 1783 967 1821 ποσσὶ
1001 1779 1156 1822 πόλινδ’
1194 1783 1263 1821 ἴεν.
1299 1805 1351 1811 -
1383 1780 1387 1835 Ι
1417 1778 1506 1821 οὐδ’
1543 1778 1600 1831 ἄρ’
1638 1783 1816 1820 Ἀθήνην
1846 1778 1964 1818 mill.

345 1852 488 1891 Etiam
514 1854 606 1900 post
638 1855 840 1899 quartum
871 1852 1101 1899 spondeum
1133 1851 1265 1889 incidi
1297 1854 1472 1899 poterat
1503 1851 1783 1897 hexameter;
1819 1860 1886 1888 ex.
1920 1859 2005 1897 gru:

404 1913 460 1957 ὧσ
491 1924 568 1956 τῶν
600 1915 694 1956 πᾶσ’
731 1917 857 1970 ἀγορὴ
883 1915 1064 1969 ’κινήθη
1095 1917 1100 1969 Ι
1130 1917 1188 1956 τοὶ
1221 1915 1254 1956 ὁ’
1293 1916 1489 1956 &taimen
1523 1915 1634 1956 κτέ.ί.

403 1986 428 2023 ἃ
459 1990 536 2023 νῦν
569 1983 758 2035 ἡμέτερον
791 1985 916 2035 δόμον
949 1985 1033 2024 ἵκει·
1064 1983 1068 2035 Ι
1098 1991 1167 2024 τῶι
1198 1999 1244 2036 με
1275 1985 1380 2033 μάλα
1412 1983 1484 2036 χρὴ
1517 1983 1632 2023 maj.

404 2051 509 2103 ὄφρα
542 2051 658 2104 φέροι
690 2053 793 2091 ι”ῗιάσ
824 2067 862 2092 τε
893 2051 960 2091 καὶ
992 2052 1156 2092 aemes.
1185 2052 1190 2105 Ι
1221 2049 1308 2092 οὐδ’
1346 2049 1402 2103 ἄρ’
1439 2052 1570 2102 ἔμελλε
1602 2049 1720 2090 mest.

402 2119 594 2172 fts'pisvoo
625 2124 818 2169 ποταμοῖο
850 2120 995 2172 ῥοάων.
1027 2119 1031 2169 Ι
1062 2119 1165 2158 ἔνθα
1198 2118 1240 2159 δὲ
1272 2119 1414 2159 πολλαὶ
1445 2117 1560 2159 κτέ.ἶ.

315 2305 335 2325 a
358 2295 418 2324 Ex.
439 2303 489 2332 gr.
510 2292 676 2323 undecies
697 2294 862 2333 deinceps
882 2295 968 2324 haec
990 2303 1133 2324 caesura
1155 2294 1247 2323 facta
1268 2296 1321 2323 est
1339 2297 1367 2322 Β
1381 2294 1444 2323 400
1459 2301 1534 2331 sqq.
1671 2291 1686 2321 b
1711 2291 1895 2321 Hoffmann
1912 2290 2050 2326 Quaest.

226 2347 328 2378 Hom.
354 2347 370 2376 I
404 2348 441 2376 12
467 2355 555 2383 sqq„
580 2346 719 2376 vChrist
743 2347 885 2376 Metrik²
919 2346 937 2385 ἓ
965 2348 1041 2383 213,
1072 2346 1240 2376 Ludwich
1274 2346 1375 2376 Arist.
1407 2346 1441 2374 ΙΙ
1472 2346 1536 2375 326
1566 2348 1647 2381 not..
1671 2345 1803 2375 Usener
1828 2344 1849 2373 1.
1874 2343 1897 2374 1.
1925 2343 1964 2374 15
1989 2352 2052 2381 sq.‚

227 2399 262 2430 F.
287 2400 326 2430 G.
351 2398 483 2429 Tisdall
506 2399 624 2431 Orizin
648 2400 715 2429 and
741 2400 986 2438 development
1010 2401 1046 2430 of
1069 2400 1127 2429 the
1150 2400 1268 2430 heroic
1291 2399 1502 2435 hexameter,
1526 2398 1606 2428 New
1628 2398 1716 2427 York
1739 2398 1836 2434 1889,
1855 2395 1915 2434 qui
1935 2396 2053 2427 docuit

225 2454 506 2483 hexametrorum
533 2452 618 2481 1000
642 2452 772 2482 habere
797 2462 977 2482 caesuram

626 2503 826 2534 femininam
853 2506 886 2534 in
911 2503 1020 2535 Iliade
1047 2505 1122 2541 545,
1145 2505 1180 2534 in
1204 2505 1359 2542 Odyssea
1385 2505 1460 2540 580,
1484 2504 1519 2533 in
1543 2503 1695 2534 Aeneide
1723 2504 1785 2533 106

417 2555 645 2587 ma÷cu1inam
672 2560 751 2587 ante
780 2568 825 2583 vu
858 2580 872 2596 „
958 2582 972 2594 „
1047 2559 1124 2594 287,
1156 2582 1170 2594 ‚,
1267 2582 1281 2594 „
1380 2559 1455 2593 261,
1493 2581 1508 2593 „
1611 2581 1625 2593 ,,
1721 2556 1784 2586 256

789 2631 809 2634 -
859 2633 872 2645 „
960 2635 973 2650 ‚
1048 2612 1122 2647 150,
1157 2634 1171 2646 ,,
1267 2634 1282 2646 ,,
1382 2612 1455 2644 158,
1495 2633 1509 2645 ,,
1615 2633 1628 2645 „
1723 2610 1798 2639 591.

317 2663 498 2702 Spondeus
524 2663 630 2701 igitur
655 2662 698 2691 ab
722 2663 872 2692 Homero
897 2662 1008 2692 multo
1032 2663 1156 2699 rarius,
1182 2671 1200 2692 a
1220 2661 1373 2700 Vergilio
1397 2663 1501 2692 etiam
1526 2662 1744 2699 frequentius
1768 2670 1870 2699 quam
1896 2660 2055 2697 dactylus

227 2717 260 2745 in
290 2716 415 2755 pedem
448 2715 589 2745 tertium
620 2718 672 2745 est
695 2718 868 2753 receptus.
894 2716 1009 2744 Horu:
1035 2715 1193 2753 Verg.=
1210 2717 1247 2745 1:
1266 2716 1317 2745 10.
1454 2724 1469 2744 c
1494 2715 1618 2744 Mase.:
1644 2714 1892 2743 Fem.=4:5.
1916 2713 1977 2742 Ex.
2001 2721 2051 2750 gr.

227 2770 262 2799 Ξ
283 2770 322 2798 10
346 2778 421 2806 sqq.
457 2769 610 2806 quinque
646 2768 811 2805 deinceps
848 2776 967 2796 versus
999 2770 1080 2805 post
1110 2768 1202 2797 arsin
1233 2765 1372 2797 tertiam
1404 2767 1506 2797 incisi
1538 2769 1571 2796 et
1603 2764 1884 2804 interpunctione
1915 2764 2053 2795 diremti

227 2822 316 2850 sunt.
491 2820 515 2850 d
538 2821 688 2855 „Versus
718 2818 914 2856 dactylicus
946 2819 1072 2848 dicitur
1103 2820 1285 2849 bucolicus
1317 2820 1345 2849 si
1377 2819 1514 2850 duobus
1544 2819 1732 2857 postremis
1760 2817 1907 2856 pedibus
1929 2817 2052 2847 recisis

227 2876 405 2908 „remanet
434 2875 636 2902 tetrameter
666 2872 724 2910 qui
747 2871 921 2901 clauditur
945 2871 1083 2909 dactylo
1108 2873 1317 2901 terminante
1341 2873 1474 2910 partem
1499 2870 1688 2901 orationis”
1711 2871 1924 2901 Valckenaer
1943 2870 2054 2908 Epist.

227 2925 270 2954 ad
300 2926 491 2955 Roeverum
525 2925 576 2955 15.
711 2934 727 2954 e
755 2924 914 2961 Negabat
944 2923 1010 2953 hoc
1043 2924 1075 2953 la
1105 2924 1221 2954 Boche
1251 2925 1388 2954 Wiener
1417 2923 1561 2954 Studien
1588 2925 1685 2957 1896,
1712 2923 1900 2959 165—179,
1923 2931 1959 2952 re
1983 2931 2050 2952 non

226 2974 312 3005 satis
349 2980 549 3014 perspecta5
586 2985 664 3006 nam
699 2977 805 3006 etiam
841 2979 919 3015 post
954 2975 1253 3015 praepositionem
1292 2980 1321 3006 ἐν
1357 2977 1412 3006 vel
1447 2980 1526 3015 post
1560 2976 1767 3014 particulam
1799 2978 1851 3006 καί
1876 2973 2049 3004 diaeresin

226 3028 418 3058 bucolicam
451 3029 526 3058 fieri
557 3027 711 3067 potuisse
742 3029 956 3064 autumabat,
990 3038 1041 3058 ex.
1073 3038 1124 3066 gr.
1158 3032 1184 3059 ω
1209 3030 1272 3058 346
1301 3030 1460 3066 ἀλλήλοισί
1484 3040 1514 3058 τε
1538 3032 1713 3066 κεκλόμενοι
1738 3029 1788 3058 καὶ
1810 3027 1815 3067 Ι
1836 3032 1914 3057 πᾶσι
1937 3032 2049 3057 θεοῖσι.

227 3080 503 3111 Pudet'reierre.
650 3084 670 3121 f
688 3083 722 3111 A
747 3082 823 3111 348.
965 3090 986 3120 9
1010 3082 1044 3110 Α
1070 3083 1145 3112 430.
1282 3080 1302 3110 Ιι
1324 3092 1346 3110 n
1374 3083 1448 3111 155.
1591 3081 1603 3110 i
1630 3084 1655 3110 Β
1682 3082 1755 3111 149.
1881 3079 1903 3119 j
1926 3083 1949 3109 Σ
1973 3081 2048 3110 406.

361 3133 380 3163 k
404 3146 421 3163 κ
447 3134 499 3163 26.
637 3133 649 3162 Ι
672 3146 689 3163 κ
715 3135 791 3164 529.
