2234 3443
231 178 286 217 20
1010 183 1268 211 PRAEFATJO.

228 300 435 339 innotuit.
463 298 647 338 Nomine
673 297 897 346 civitatum,
925 296 1038 335 unde
1055 296 1374 335 Alexandriam
1391 298 1516 335 erant
1533 295 1692 346 delata,
1711 296 2056 344 designabantur

229 365 254 417 ἡ
298 367 393 415 Χία,
433 363 457 416 ἡ
496 364 829 413 Μασσαλιωτική,
860 363 884 414 ἡ
918 363 1111 414 Κρητική,
1141 360 1166 413 ἡ
1199 362 1377 413 Κυπρία,
1408 361 1432 413 ἡ
1467 363 1683 414 Ἀργολική,
1712 361 1738 413 ἡ
1770 363 1998 412 Σινωπική,
2025 359 2050 411 ἡ

227 434 424 482 Atellam
469 432 702 472 accedebat
743 428 768 481 ἡ
812 429 854 469 ἐκ
896 436 966 468 τοῦ
1010 430 1223 469 Μουσείου
1266 432 1361 470 sive
1397 431 1574 479 ignotae
1616 431 1796 479 originis
1828 430 2054 479 exemplar

226 500 522 541 Alexandriae
564 500 802 548 repertum.
834 497 934 537 Alia
964 497 1235 546 exemplaria
1266 508 1291 535 a
1321 498 1422 536 viris
1453 498 1654 536 doctrina
1684 499 1945 547 insignibus,
1982 497 2057 546 qui

227 570 282 607 iis
313 569 381 607 usi
413 568 600 615 fuerant,
635 575 796 604 nomen
828 563 1104 603 habebantb:
1137 561 1162 614 ἡ
1197 564 1445 615 Ἀντιμάχου,
1473 561 1498 614 ἡ
1522 560 1696 614 Ῥιανοῦ,
1725 562 1750 614 ἡ
1783 563 2056 616 Σωσιγένουσ,

227 634 252 685 ἡ
284 634 529 684 Φιλήμονοσ,
553 630 577 683 ἡ
606 631 648 671 ἐκ
675 637 745 670 τοῦ
774 632 984 681 νάρθηκοσ
1011 632 1105 670 sive
1133 632 1238 670 Ilias
1266 631 1318 670 ab
1347 632 1559 671 Aristotele
1586 632 1630 670 in
1657 632 1897 671 Alexandri
1923 641 2055 670 usum

226 702 473 751 emendata,
516 711 648 749 quam
680 710 759 739 rex
790 700 835 737 in
870 709 1002 748 capsa
1034 700 1357 748 pretiosissima
1389 700 1514 738 Susis
1550 700 1734 738 inventa
1767 699 2013 738 asservavit
2026 706 2054 738 ⁰.

227 771 414 819 Didymo
456 770 591 808 etiam
632 765 656 818 ἡ
700 768 999 817 Καλλιστράτου
1032 767 1116 805 fuit
1148 767 1323 814 cognita
1355 767 1449 805 sive
1481 767 1709 815 exemplar
1746 777 1770 805 a
1803 767 2057 806 Callistrato

227 837 541 886 Aristophanis
582 835 795 884 discipulo
838 837 1099 874 correctum.
1141 834 1364 882 Odysseae
1397 834 1530 873 editio
1561 833 1744 883 κυκλική,
1774 844 1884 881 quae
1917 833 2056 872 semel

227 907 271 945 et
311 906 471 943 iterum
513 900 931 952 commemoraturd,
967 902 1080 941 unde
1113 912 1274 940 nomen
1307 901 1511 940 habuerit
1540 902 1782 950 incertum;
1813 901 2054 951 πολύστιχοσ

225 974 373 1012 autem
417 981 525 1020 quae
569 971 726 1009 dicitur
758 970 909 1010 iliadis
941 970 1104 1008 editioe
1135 970 1309 1008 videtur
1341 969 1497 1008 multis
1528 970 1731 1009 versibus
1764 969 1938 1009 aliunde
1969 978 2056 1008 non

227 1039 418 1088 cognitis
457 1039 594 1077 fuisse
635 1037 863 1077 oneratas.
905 1038 1143 1076 Praeterea
1184 1037 1363 1086 saepius
1403 1039 1809 1076 commemorantur
1840 1036 1885 1075 αἱ
1909 1034 2056 1085 κοιναί,

228 1107 273 1145 αἱ
311 1106 526 1156 ὁημώδεισ,
566 1104 611 1143 αἵ
650 1104 888 1155 εἰκαιότεραι
929 1103 1110 1143 ἐκδόσεισ
1152 1105 1247 1144 sive
1290 1105 1561 1154 exemplaria
1593 1105 1799 1154 vulyaria,
1834 1104 1981 1153 qualia
2011 1103 2055 1141 in

228 1174 460 1213 hominum
492 1172 699 1211 manibus
731 1173 866 1212 etiam
897 1174 996 1221 post
1029 1173 1412 1211 Aristarcheorum
1445 1182 1596 1211 curam
1628 1172 1771 1210 textui
1803 1172 2054 1219 impensam

227 1242 418 1292 plurima
449 1242 714 1279 manserunt
744 1240 900 1278 invitis
933 1240 1252 1287 grammaticis.
1286 1238 1421 1278 Multa
1453 1239 1672 1278 eiusmodi
1704 1237 1975 1287 exemplaria
2006 1237 2059 1276 ad

229 1320 309 1349 nos
340 1309 648 1357 pervenerunt.

287 1374 567 1423 Exemplaria
613 1373 867 1413 Massiliense
913 1376 957 1412 et
1003 1373 1250 1422 Aryolicum
1298 1383 1400 1412 cum
1448 1373 1631 1412 Iliadem
1673 1375 1769 1411 tum
1812 1372 2056 1420 Odysseam

233 1443 542 1489 continebant;
577 1441 792 1480 volumini
825 1446 893 1478 τῶι
924 1439 966 1479 ἐκ
993 1446 1062 1479 τοῦ
1090 1440 1302 1490 νάρθηκοσ
1329 1440 1424 1479 sola
1449 1440 1556 1479 Ilias
1580 1440 1740 1489 inerat,
1768 1460 1825 1466 —-
1852 1439 1889 1478 si
1916 1439 2060 1477 inerat

229 1513 342 1558 tota;
391 1519 494 1548 nam
543 1509 634 1547 veri
682 1508 856 1547 videtur
910 1507 1103 1546 similius
1159 1510 1330 1556 partem
1378 1507 1528 1546 Iliadis
1575 1507 1690 1546 haud
1737 1507 1799 1545 ita
1846 1515 2058 1554 magnam

231 1579 460 1618 infuisseff.
518 1575 673 1615 Cetera
729 1575 1012 1624 exemplaria,
1072 1575 1230 1622 quibus
1287 1575 1428 1614 critici
1479 1575 1770 1614 Alexandrini
1816 1575 1920 1613 sunt
1973 1573 2057 1622 usi,

233 1646 418 1686 ambone
451 1645 648 1683 carmina
680 1653 735 1682 an
767 1643 1032 1682 alterutrum
1067 1653 1121 1681 an
1154 1643 1322 1691 partem
1358 1643 1551 1690 aliquam
1583 1642 1801 1681 utriusvis
1828 1641 2062 1690 complexa

231 1713 393 1753 fuerint
426 1722 512 1753 non
539 1711 689 1759 liquet.
718 1711 765 1749 Id
799 1712 968 1749 certum
1002 1712 1083 1758 est,
1111 1712 1289 1749 vetusta
1315 1710 1390 1748 illa
1418 1710 1690 1758 exemplaria
1711 1719 1852 1757 neque
1877 1708 2057 1747 Iliadem

232 1790 372 1828 neque
415 1778 660 1827 Odysseam
702 1780 746 1817 in
789 1778 947 1827 viginti
980 1779 1166 1825 quatuor
1197 1776 1430 1829 ραψωιδίασ
1460 1778 1562 1816 illas
1594 1787 1704 1825 quae
1734 1777 1821 1815 iam
1857 1776 2062 1815 dicuntur

232 1848 439 1887 habuisse
466 1846 704 1885 diremtam
719 1842 750 1885 ll.
781 1845 898 1895 Quae
923 1845 1219 1884 Alexandriae
1246 1845 1499 1893 excogitata
1522 1847 1590 1884 est
1606 1843 1901 1892 distinguendi
1923 1839 2060 1881 ratioi

229 1918 273 1955 in
307 1914 591 1954 commodum
623 1913 866 1961 legentium
898 1923 980 1952 nec
1010 1923 1095 1951 non
1124 1912 1403 1951 librariorum
1431 1914 1560 1960 atque
1587 1912 1818 1959 editorum,
1845 1921 1900 1949 ne
1926 1910 2060 1949 nimis

231 1982 379 2032 ampla
420 1981 646 2020 volumina
686 1982 762 2019 aut
802 1980 870 2018 his
900 1980 1094 2028 paranda
1125 1981 1201 2018 aut
1230 1980 1321 2018 illis
1353 1980 1650 2028 pervolvenda
1683 1975 1870 2017 essentj.
1912 1978 1962 2016 In
1994 1979 2061 2016 tot

231 2051 364 2090 libros
411 2049 505 2087 sive
548 2047 776 2086 volumina
817 2056 1062 2095 papyracea
1104 2048 1209 2094 quot
1252 2049 1379 2085 erant
1419 2047 1547 2095 signa
1587 2047 1832 2085 litterarum
1875 2045 1980 2084 Ilias
2015 2047 2058 2084 et:

321 2191 340 2210 a
365 2183 396 2210 οἱ
419 2180 482 2209 ἀπὸ
508 2185 565 2208 τῶν
590 2180 708 2207 πόλεων
731 2180 833 2216 βίβλοι
859 2177 911 2206 vel
938 2177 1129 2216 διορθώσεισ
1152 2176 1207 2206 vel
1238 2177 1387 2206 ἐκδόσεισ.
1412 2177 1610 2207 Cavendum
1636 2179 1750 2206 antem
1776 2185 1819 2206 ne
1843 2185 1907 2206 vox
1934 2176 2059 2205 ἴκδοσισ

232 2233 356 2262 erroris
381 2241 484 2261 causa
509 2231 642 2261 evadat.
668 2230 896 2259 Alexandriae
923 2230 1113 2258 extiterunt
1137 2229 1299 2268 exemplar
1323 2230 1478 2259 Massilia
1501 2230 1686 2259 advectum
1707 2232 1742 2259 et
1761 2230 1937 2268 exemplar
1956 2237 2060 2259 manu

231 2283 429 2315 Antimachi
453 2286 662 2314 correctum:
688 2281 859 2312 editionem
884 2282 1036 2319 aliquam
1062 2283 1317 2312 Massiliensem
1345 2283 1397 2311 vel
1424 2281 1673 2321 Colophoniam
1699 2283 1807 2311 fuisse
1832 2291 1900 2311 non
1925 2285 1977 2311 est
2000 2290 2061 2311 cur

231 2338 451 2367 arbitremur.
600 2335 615 2365 b
641 2338 673 2365 αἱ
697 2335 762 2364 κατ’
789 2335 897 2375 ἄνδρα.
1041 2344 1057 2365 c
1082 2335 1193 2364 Strab.
1219 2336 1284 2365 594
1309 2335 1398 2365 Plut.
1424 2335 1519 2365 Alex.
1546 2338 1563 2365 8
1592 2336 1679 2365 Plin.
1704 2336 1792 2365 Hist.
1815 2336 1894 2365 Nat.
1917 2335 1980 2365 VII
2006 2336 2058 2364 30.

232 2391 347 2421 Etiam
373 2388 596 2424 Callisthenes,
621 2388 817 2418 Aristotelis
841 2388 1047 2426 discipulus,
1070 2388 1256 2417 Alexandri
1278 2389 1421 2423 amicus,
1446 2388 1533 2418 illud
1557 2389 1717 2418 volumen
1746 2389 1894 2426 perlegit
1916 2390 1954 2417 ut
1975 2388 2059 2417 vitia

233 2443 312 2473 inde
338 2442 514 2477 eximeret,
539 2441 652 2470 Strab.
678 2441 698 2469 1.
724 2442 746 2470 l.
905 2440 928 2470 d
948 2451 970 2469 n
998 2442 1059 2470 195
1086 2452 1102 2479 ρ
1128 2441 1181 2470 25.
1343 2450 1360 2470 e
1384 2442 1416 2469 A
1443 2441 1519 2476 258,
1545 2442 1608 2470 340
1632 2443 1660 2469 A
1686 2442 1762 2470 334.
1919 2440 1943 2478 f
1961 2440 2057 2470 Hanc

234 2495 382 2525 nominis
417 2494 685 2532 explicationem
718 2493 902 2522 admittere
937 2494 1011 2522 Birt
1037 2493 1098 2522 das
1123 2493 1241 2522 antike
1266 2491 1478 2522 Buchwesen
1506 2495 1604 2529 1882,
1627 2495 1691 2522 445
1716 2502 1782 2522 non
1810 2493 1976 2529 aum-:ban
2001 2492 2061 2522 sed

234 2550 354 2586 postea
379 2545 572 2584 particulae
596 2546 795 2584 complures
818 2544 1030 2575 recensionis
1054 2545 1156 2576 solita
1181 2545 1389 2576 verbosioris
1414 2544 1449 2575 in
1474 2545 1720 2576 vetustissimis
1739 2554 1949 2584 papyrorum
1971 2548 2061 2585 irag-

234 2600 362 2630 mentis
397 2602 555 2636 repertae
591 2602 681 2634 sunt,
716 2599 853 2636 Proleg.
889 2598 930 2627 ad
966 2599 1105 2628 Homer.
1137 2599 1190 2628 ed.
1221 2600 1319 2636 1912,
1342 2599 1455 2628 XLIII
1480 2608 1530 2635 sq.
1707 2609 1729 2638 9
1754 2599 1878 2628 Ferula
1901 2598 2060 2636 quamvis

235 2652 351 2690 ampla
382 2660 506 2689 capere
538 2660 604 2680 non
636 2652 748 2689 potuit
778 2652 955 2689 exemplar
988 2652 1095 2681 totins
1128 2652 1249 2681 Iliadis
1276 2652 1348 2681 sive
1371 2652 1531 2681 volumen
1557 2653 1746 2681 metrorum
1771 2652 1917 2681 fortasse
1942 2653 2062 2689 septu-

233 2706 361 2741 aginta,
385 2720 427 2725 —-
451 2704 479 2732 si
514 2713 633 2733 revera
668 2713 832 2742 umquam
868 2705 1059 2734 extiterunt
1092 2708 1210 2734 tantae
1244 2705 1344 2734 molis
1380 2705 1608 2742 exemplaria;
1643 2704 1735 2742 quod
1759 2704 1898 2734 credere
1922 2704 2058 2742 durum,

234 2757 315 2786 lieet
338 2756 509 2794 Ulpianus
532 2755 609 2794 Dig.
636 2758 689 2791 32,
717 2758 758 2786 52
783 2756 949 2786 sumserit
972 2760 1090 2787 extare
1113 2758 1280 2796 potuisse,
1306 2758 1380 2787 Birt
1411 2758 1432 2786 l.
1458 2758 1480 2786 l.
1506 2758 1558 2792 97,
1583 2759 1660 2794 430,
1680 2759 1743 2786 444
1769 2765 1819 2794 sq.
1962 2755 1982 2785 h
2005 2756 2056 2786 Ab

232 2810 307 2847 ipso
341 2812 446 2847 poeta
481 2809 656 2846 quomodo
692 2809 823 2839 divisae
861 2810 990 2838 fuerint
1023 2810 1107 2839 Ilias
1144 2813 1177 2839 et
1213 2810 1377 2846 Odyssea,
1413 2812 1566 2839 carmina
1600 2810 1710 2839 multo
1742 2809 1882 2838 maioris
1909 2809 2060 2838 ambitus

235 2870 338 2898 quam
369 2864 408 2890 ut
438 2871 505 2891 uno
536 2864 653 2892 tenore
675 2864 747 2891 tota
773 2862 922 2899 proferri
947 2865 1101 2900 possent,
1127 2879 1164 2883 -
1192 2871 1270 2892 nam
1296 2861 1375 2900 quis
1399 2871 1461 2900 per
1484 2863 1586 2892 horae
1610 2860 1839 2900 quadraginta
1864 2860 1917 2890 vel
1942 2861 2059 2898 plures

235 2914 416 2943 continuas
441 2923 555 2943 aurem
583 2915 803 2952 praebiturus
829 2915 924 2944 erat?
950 2931 989 2936 -·
1015 2915 1154 2944 efficere
1179 2918 1323 2944 conatus
1350 2918 1403 2944 est
1422 2916 1558 2952 Drerup
1577 2914 1756 2944 Hochland
1773 2915 2060 2948 1913‚428—446

237 2969 285 2995 et:
322 2966 384 2994 das
416 2967 527 2996 fiinfte
559 2967 657 2996 Buch
691 2967 753 2996 der
774 2967 859 2996 Ilias
889 2968 985 3002 1913,
1011 2969 1071 2996 421
1111 2975 1204 3004 sqq.;
1230 2967 1291 3005 qui
1315 2968 1348 2996 in
1374 2966 1579 3006 rhapsodias
1603 2967 1715 2996 XVIII
1739 2965 1877 2995 diremit
1900 2965 2058 3001 Iliadem,

236 3018 424 3055 Odysseam
460 3022 492 3047 in
528 3019 597 3048 XV.
744 3019 880 3049 iModo
917 3019 1128 3054 Aristarcho,
1160 3020 1261 3049 modo
1287 3019 1522 3058 Aristophani,
1553 3019 1654 3049 modo
1679 3018 1855 3047 Zenodoto
1882 3017 2062 3054 tribuitur,

238 3069 405 3100 Ludwich
430 3070 531 3100 Arist.
557 3071 591 3100 II
616 3073 690 3101 220.
816 3071 838 3109 j
861 3072 986 3101 Nostra
1012 3074 1124 3101 aetate
1139 3077 1278 3110 reperta
1302 3075 1383 3101 sunt
1406 3074 1601 3109 fragmenta
1622 3071 1790 3108 quaedam
1808 3071 2059 3109 exemplarium

236 3123 376 3152 saeculo
400 3123 468 3151 1110
492 3126 570 3153 ante
594 3124 672 3153 Chr.
695 3127 823 3153 exarat‘
839 3133 927 3159 rum,
956 3133 1045 3161 quae
1070 3123 1241 3154 divisione
1264 3124 1323 3154 illa
1349 3126 1476 3159 carent,
1503 3122 1636 3161 Proleg.
1659 3125 1758 3153 Hom.
1784 3124 1805 3153 l.
1831 3124 1851 3153 l.
