2234 3443
926 203 1183 231 PRAEFArro.
1917 192 1968 230 13

149 325 268 362 tasse
299 316 482 355 contulit
514 326 644 364 quam
678 317 822 355 cet'era
853 319 1011 356 cuncta
1038 327 1147 366 quae
1174 317 1350 365 ingenio
1378 317 1570 355 humano
1588 318 1691 354 sunt
1710 316 1973 364 excogitata,

147 393 248 423 cum
278 383 484 432 primitus
513 393 666 431 regum
697 383 963 422 facinoribus
991 386 1081 423 aeri
1109 384 1177 422 vel
1205 384 1415 422 marmori
1441 383 1754 431 insculpendis,
1782 382 1973 420 donariis

148 450 470 499 consecrandis,
521 450 769 489 foederibus
815 454 858 490 et
905 451 1074 500 legibus
1121 451 1441 490 constituendis
1487 451 1770 499 potissimum
1818 450 1976 487 fuisset

147 518 353 567 adhibita,
399 520 553 567 postea
599 518 732 556 etiam
780 519 823 557 in
871 521 1169 558 mercatorum
1216 518 1480 566 apographis
1513 517 1696 565 aliisque
1737 517 1975 554 memoriae

146 585 458 624 adminiculisa
497 586 698 634 usurpari
739 587 891 634 coepta
932 586 1075 634 magis
1107 587 1334 634 magisque
1366 586 1410 623 in
1445 586 1581 623 vitam
1614 593 1894 623 communem
1926 592 1974 621 se

146 652 405 692 insinuavit.
452 653 500 691 In
548 652 682 692 Iliade
729 656 879 692 autem
927 652 974 691 fit
1020 653 1186 691 mentio
1235 652 1449 701 epistulae
1494 662 1624 700 quam
1668 661 1747 689 rex
1777 651 1977 699 Ephyrae

147 719 471 768 Bellerophonti
512 720 629 760 dedit
671 722 723 760 ad
766 722 923 769 Lyciae
966 731 1115 768 regem
1157 721 1458 769 perferendam
1475 717 1502 759 b.
1537 719 1616 768 Qui
1652 719 1824 758 πτυκτὸσ
1857 719 1975 765 πίναξ

147 796 234 825 non
265 787 407 836 potuit
438 797 524 826 non
555 788 716 827 similis
749 798 845 827 esse
877 791 961 825 τοῑσ
995 788 1202 836 ὁιπτύχοισ
1236 789 1328 826 sive
1357 786 1507 825 ὁὲλτοισ
1536 787 1792 835 duplicibus,
1821 786 1976 833 quibus

145 855 411 902 posteriores
459 855 512 893 ad
558 855 772 904 epistulas
818 856 1072 894 scribendas
1119 858 1223 894 sunt
1265 856 1355 894 usi:
1397 855 1684 904 pugillaribus
1726 855 1845 893 intus
1878 864 1976 892 cera

147 922 353 969 inductis,
385 922 458 969 qui
491 923 741 972 complicati
773 925 818 961 et
849 923 1069 971 obsignati
1101 923 1443 971 perferebantur.

265 989 418 1037 Itaque
459 1000 541 1028 non
575 993 643 1029 est·
675 991 788 1038 quod
822 994 1018 1038 negetur,
1052 990 1203 1029 Iliadis
1237 990 1303 1029 vel
1338 990 1559 1038 Odysseae
1592 991 1765 1038 poetam
1800 999 1976 1028 carmen

146 1067 276 1096 suum
317 1058 480 1106 scripto
517 1058 725 1096 mandare
757 1055 975 1106 potuisse;
1015 1059 1089 1096 sed
1121 1068 1331 1096 reverane
1364 1057 1642 1096 mandaverit
1673 1067 1822 1105 necne,
1855 1057 1898 1094 id
1930 1057 1974 1094 in

145 1124 290 1163 medio
322 1127 391 1163 est
420 1126 767 1173 relinquendum.
797 1125 1005 1173 Quicquid
1033 1127 1180 1163 autem
1211 1125 1262 1163 de
1289 1125 1427 1173 ipsius
1454 1126 1605 1173 poetae
1633 1126 1726 1162 arte
1750 1124 1975 1171 statuitur,

145 1192 246 1231 inde
288 1191 341 1230 ab
382 1195 536 1231 octavo
581 1193 632 1231 ad
675 1193 911 1231 minimum
944 1192 1119 1231 saeculo
1153 1193 1256 1239 quin
1290 1193 1454 1240 scripta
1487 1192 1638 1230 Iliadis
1671 1191 1979 1239 Odysseaeque

145 1259 417 1308 exemplaria
458 1260 700 1308 extiterint,
745 1260 786 1298 id
823 1260 1159 1307 haudquaquam
1202 1260 1374 1298 videtur
1416 1260 1609 1298 dubium.
1653 1259 1781 1297 Nulla
1811 1261 1975 1306 tamen,

145 1336 257 1375 quae
290 1327 463 1374 quidem
497 1326 579 1365 fide
607 1327 737 1374 digna
763 1328 833 1375 sit,
862 1328 913 1365 de
941 1328 1008 1365 his
1036 1328 1161 1365 libris
1189 1328 1241 1366 ad
1269 1337 1349 1366 nos
1376 1328 1575 1376 pervenit
1602 1327 1768 1374 notitia,
1797 1326 1976 1364 incertis

144 1396 293 1432 autem
325 1394 586 1433 coniecturis
617 1393 842 1442 indulgere
875 1404 960 1432 non
994 1395 1180 1442 expedit.

263 1461 312 1500 In
345 1461 484 1500 Attica
513 1461 608 1500 sola
641 1471 750 1509 quae
783 1461 874 1500 fata
902 1463 1080 1501 Homeri
1108 1462 1306 1501 carmina
1332 1463 1486 1500 deinde
1504 1462 1735 1500 habuerint
1753 1461 1975 1507 aliquanto

145 1531 392 1568 accuratius
436 1529 538 1567 licet
584 1529 832 1577 resciscere,
883 1533 925 1568 et
967 1540 1020 1568 ne
1062 1529 1120 1568 ibi
1163 1530 1336 1577 quidem
1372 1531 1482 1568 satis
1513 1532 1730 1568 accurate.
1763 1529 1812 1567 In
1844 1538 1974 1576 quam

142 1597 366 1644 regionem
395 1607 420 1636 a
447 1595 590 1635 Solone
616 1597 834 1636 translata
856 1607 953 1636 esse
981 1598 1099 1636 fuere
1119 1599 1190 1645 qui
1208 1600 1506 1645 autumarent,
1527 1597 1601 1635 sed
1619 1597 1818 1644 praestat
1834 1595 1976 1634 dicere

143 1663 350 1702 Solonem
393 1674 506 1703 novo
547 1664 710 1703 honore
753 1666 983 1703 ornavisse
1016 1666 1212 1704 carmina
1246 1666 1288 1703 in
1320 1665 1468 1704 Attica
1501 1665 1663 1703 dudum
1700 1663 1903 1711 cognitac
1933 1664 1977 1700 et

143 1731 331 1771 fortasse
371 1733 489 1771 nata.
521 1732 636 1780 Lege
669 1732 784 1770 enim
818 1733 949 1771 iussit
981 1733 1179 1771 carmina
1209 1733 1390 1771 Homeri
1423 1732 1516 1770 sive
1550 1731 1732 1770 iliadem
1766 1732 1808 1769 et
1842 1730 1975 1777 Odys-

143 1809 267 1837 seam
312 1799 429 1838 iusto
474 1799 624 1838 ordine
671 1800 925 1838 continuata
967 1800 1134 1838 cantari
1176 1800 1291 1838 ludis
1329 1796 1559 1848 publicisd.
1591 1799 1691 1837 Fuit
1723 1802 1868 1837 autem
1903 1797 1977 1844 qui

142 1865 388 1915 Lycurgum
416 1866 596 1905 Homeri
623 1867 821 1905 carmina
848 1868 890 1905 in
926 1867 1152 1906 Graeciam
1183 1868 1374 1915 primum
1403 1866 1688 1905 transtulisse
1716 1865 1974 1914 perhiberet,

142 1933 484 1982 Peloponnesius
514 1933 702 1972 fortasse
729 1935 917 1983 scriptor
944 1935 1108 1973 famam
1137 1934 1474 1974 Atheniensium
1495 1934 1665 1972 rodens.
1684 1932 1759 1971 Cui
1778 1932 1976 1981 fabellae,

143 2000 224 2039 IV0
257 2002 358 2040 ante
400 2000 497 2040 Chr.
531 2011 573 2039 n.
606 2002 782 2040 saeculo
815 2012 901 2040 non
935 2003 1207 2049 recentiorie,
1242 2002 1315 2050 qui
1347 2001 1479 2040 fidem
1512 2000 1746 2049 habebant,
1778 2001 1975 2038 carmina

228 2164 248 2184 a
271 2155 316 2186 Ut
345 2154 381 2184 in
411 2154 642 2194 pei-antiquie,
668 2164 755 2193 quae
780 2157 813 2185 in
839 2154 939 2185 Creta
961 2156 1014 2185 his
1040 2157 1138 2185 annis
1163 2156 1309 2185 effossae
1334 2158 1426 2191 sunt,
1451 2153 1750 2192 inscriptionibus
1776 2154 1869 2190 Quae
1893 2154 1973 2183 licet

141 2206 211 2245 legi
242 2207 412 2238 hactenus
445 2217 512 2238 non
543 2209 730 2246 potuerint,
764 2207 800 2238 id
836 2212 951 2238 tamen
989 2207 1102 2246 liquet
1134 2209 1231 2246 signa
1262 2209 1455 2238 numeralia
1479 2208 1650 2245 quaedam
1674 2207 1708 2236 in
1732 2205 1775 2236 iis
1800 2209 1916 2236 extare
1940 2209 1974 2236 et

141 2261 292 2290 rationes
325 2259 461 2300 accepti
493 2261 548 2290 vel
584 2262 737 2299 expensi.
872 2261 887 2290 b
912 2265 940 2290 Ζ
974 2262 1036 2291 168
1069 2271 1120 2298 sq.
1145 2278 1185 2282 —
1210 2260 1312 2290 Multi
1336 2269 1521 2299 perperam
1542 2260 1709 2298 suspicati
1731 2262 1812 2288 sunt
1835 2260 1972 2297 poetam

141 2312 383 2349 imagunculae
416 2313 550 2351 aliquas
585 2313 639 2342 vil
673 2316 773 2343 notas
808 2313 1018 2351 symbolicas
1053 2313 1229 2352 cogitasse
1259 2313 1365 2352 (Wolf
1385 2314 1520 2350 Proleg.
1546 2313 1586 2343 82
1612 2313 1721 2350 sqq.);
1747 2320 1787 2341 ea
1810 2320 1973 2341 sonorum

141 2365 240 2402 signa
262 2363 298 2394 in
322 2368 437 2396 mente
459 2366 583 2397 habuit
607 2365 735 2405 quibus
757 2366 834 2404 ipse
862 2368 897 2396 et
916 2366 1080 2405 aequales
1103 2366 1301 2402 utebantur,
1325 2365 1473 2404 poeticis
1498 2368 1615 2395 autem
1636 2365 1707 2393 sive
1717 2365 1849 2394 ornatis
1860 2364 1974 2393 verbis

142 2426 182 2447 ea
205 2417 380 2448 indicavit.
404 2419 500 2455 Quod
524 2422 640 2449 autem
663 2418 767 2448 multa
790 2419 890 2456 signa
913 2418 948 2448 in
975 2419 1105 2449 tabella
1128 2419 1188 2448 illa
1214 2419 1343 2457 scripta
1365 2417 1474 2448 fuisse
1496 2420 1556 2457 ait,
1569 2417 1603 2447 id
1615 2417 1811 2446 luculenter
1824 2419 1971 2446 testatur

140 2478 220 2500 eum
243 2478 360 2500 veram
385 2469 567 2509 epistulam
593 2470 629 2501 in
653 2473 770 2501 mente
795 2471 971 2507 habuisse,
990 2481 1056 2501 non
1081 2471 1275 2509 symbolum
1300 2471 1453 2509 aliquod,
1478 2471 1521 2501 de
1548 2479 1616 2507 quo
1635 2471 1760 2500 Proeto
1779 2472 1881 2499 antea
1893 2477 1971 2498 eum

141 2531 224 2560 rege
256 2523 382 2561 Lyciae
411 2525 640 2555 convenisset.
774 2534 790 2555 c
824 2525 876 2555 Ab
914 2523 1101 2564 Hipparcho
1132 2523 1310 2554 Pisistrati
1333 2524 1403 2554 filio
1424 2524 1576 2553 earmina
1599 2523 1740 2553 Homeri
1763 2524 1912 2560 primum
1937 2522 1972 2551 in

141 2575 290 2606 Atticam
327 2576 441 2606 delata
475 2586 552 2608 esse
587 2578 677 2607 falso
712 2578 761 2607 ait
796 2578 928 2616 dialogi
966 2576 1138 2607 Platonici
1172 2575 1368 2616 Hipparchi
1391 2577 1541 2615 scriptor
1565 2577 1630 2606 228
1643 2574 1676 2605 b:
1702 2576 1741 2605 τὰ
1760 2575 1893 2615 Ὁμήρου
1915 2576 1972 2613 ἔπη

140 2633 269 2669 πρῶτοι]
297 2630 441 2665 ἐκόμισεν
471 2631 516 2660 εἰσ
544 2630 600 2669 τὴν
632 2636 689 2669 γῆν
718 2634 856 2670 ταυτηνί,
888 2632 938 2661 καὶ
968 2632 1121 2668 ἠνάγκασε
1145 2632 1222 2661 τοὺσ
1245 2631 1432 2670 ῥαψωιὸοὺσ
1457 2631 1704 2667 Παταθηναίοισ
1729 2627 1759 2663 ἐξ
1784 2631 1972 2666 ὑπολήψεωσ

142 2679 253 2720 ἐφεξῆσ
276 2682 355 2711 αὐτὰ
380 2682 496 2712 διιέναι.
519 2683 611 2713 Nihil
636 2682 808 2714 eiusmodi
834 2683 876 2713 de
900 2681 1101 2721 Hipparcho
1122 2682 1251 2713 dicitur
1271 2681 1410 2723 [Arist]
1432 2681 1517 2721 Rep.
1537 2681 1616 2712 Ath.
1631 2682 1682 2711 18.
1820 2679 1844 2709 d
1865 2680 1969 2710 Solon

142 2734 192 2763 τὰ
222 2733 387 2775 Ὁμήρου
418 2733 460 2769 ἒξ
486 2736 722 2775 ὑποβολῆσ
752 2736 888 2776 γέγραφε
916 2736 1285 2774 ῥαψωιδεῖσθαι·
1320 2733 1384 2765 οἷον
1409 2736 1487 2765 ὅπου
1519 2735 1535 2764 ὁ
1566 2739 1692 2774 πρῶῑοσ
1715 2730 1827 2770 ἔληξεν,
1852 2734 1972 2762 ἐκεῖθεν

141 2786 302 2827 ἄρχεσθαι
321 2785 373 2816 τὸν
395 2788 554 2825 ὃχόμενον,
578 2786 675 2826 Diog.
701 2788 816 2818 Laert.
840 2788 857 2818 Ι
883 2788 936 2822 57.
960 2786 1020 2825 qui
1043 2788 1181 2818 Solonis
1205 2788 1319 2826 legem
1343 2785 1496 2821 αὐτολεξεὶ
1520 2784 1570 2816 sic
1595 2785 1713 2815 attulit
1736 2787 1771 2814 et
1794 2786 1890 2815 recte
1919 2786 1972 2814 est

141 2839 398 2876 interpretatus.
420 2839 507 2870 Nam
534 2840 624 2878 quod
652 2842 687 2870 in
710 2841 847 2871 Solonis
869 2840 986 2871 verbis
1010 2842 1065 2870 est
1087 2839 1117 2875 ἐξ
1140 2842 1313 2880 ὑποβολῆσ,
1336 2840 1372 2870 id
1391 2842 1514 2879 postea
1535 2838 1716 2868 dicebatur
1730 2835 1760 2871 ἐξ
1774 2838 1971 2876 ὑπολήψεωσ,

141 2894 176 2920 et
209 2891 259 2921 sio
292 2891 484 2930 Hipparchi
518 2891 648 2931 dialogi
681 2894 830 2932 scriptor
863 2893 939 2923 loco
974 2893 1076 2923 modo
1111 2893 1216 2923 allato
1252 2895 1305 2923 est
1336 2891 1550 2922 locutus.1n
1574 2892 1711 2921 vetusta
1737 2890 1828 2920 enim
1852 2890 1970 2928 lingua

140 2943 286 2974 verbum
308 2945 493 2983 ὑποβάλλειν
516 2946 655 2976 valebat
679 2946 715 2976 id
736 2946 828 2984 quod
851 2945 953 2976 alium
977 2945 1079 2976 verbis
1101 2947 1254 2986 exciqaere,
1280 2947 1313 2975 A
1339 2946 1402 2975 292
1432 2948 1462 2974 Τ
1481 2946 1534 2975 80,
1558 2943 1764 2973 Recentiore
1783 2950 1866 2972 vero
1886 2949 1970 2971 aevo

142 3005 208 3026 vox
243 2995 274 3030 ἐξ
308 2998 468 3037 ὑποβολῆσ
502 2998 537 3028 id
568 2998 661 3036 quod
697 2999 819 3029 monitu
856 2999 1088 3037 significabat.
1121 3016 1160 3021 -
1194 2999 1332 3029 Solonis
1368 2997 1524 3035 aequalis
1558 2994 1755 3026 Clisthenes
1790 2995 1970 3033 Sicyonius

142 3049 327 3090 ραψωιδοὺσ
351 3051 466 3080 ἔπαυσε
502 3053 533 3080 ἐν
568 3054 698 3082 Ranilum
734 3053 956 3089 ἀγωνίζεσθαι,
990 3051 1156 3082 Herodot.
1180 3049 1207 3078 V
1234 3052 1296 3081 6¹1:
1323 3052 1464 3080 fuerunt
1486 3047 1594 3087 igitur
1618 3050 1697 3078 ante
1720 3045 1809 3077 illud
1829 3050 1970 3085 tempus

142 3101 290 3139 Sicyone
319 3103 507 3132 certamina
542 3104 683 3143 publica
720 3104 983 3143 rhapsodorum.
1019 3104 1113 3140 Quae
1146 3106 1180 3134 et
1213 3102 1291 3133 aliis
1322 3103 1407 3133 locis
1436 3103 1587 3132 fuerunt.
1722 3109 1738 3129 e
1767 3099 1905 3138 Ephoro
1937 3101 1971 3128 et

141 3152 320 3185 Aristoteli
343 3155 412 3185 fuit
434 3154 586 3194 cognita.
