2234 3443
555 274 604 314 V.
636 274 697 313 De
729 274 852 313 hiatu
899 300 1870 313 ..............

437 358 460 403 5
497 357 548 396 14
581 357 633 396 (16
665 357 788 396 hiatu
819 357 920 405 post
950 356 1130 404 longum
1164 365 1338 395 sonum.
1380 353 1406 404 5
1440 356 1492 394 15
1535 355 1586 394 de
1617 355 1741 394 hiatu
1772 356 1871 404 post

317 423 496 463 brevem
536 433 711 463 sonum.
752 425 776 470 5
821 424 873 462 16
917 423 968 462 (16
1000 421 1194 461 hiatibus
1226 431 1281 461 ex
1313 431 1459 461 errore
1491 422 1625 469 natis;
1658 421 1710 460 de
1742 422 1871 470 parti-

320 490 419 530 cula
448 488 494 540 ἠὲ
525 490 592 529 vel
624 484 670 540 ἦε
702 489 824 529 elisa.

555 597 627 636 VI.
659 596 720 636 De
755 596 1028 645 correptione
1060 605 1169 644 quae
1191 587 1250 634 'fit
1280 596 1325 634 in
1355 595 1475 634 thesi
1494 623 1871 634 ......

437 680 460 725 5
497 681 546 720 17
580 680 630 719 de
663 680 936 729 correptione
967 679 1200 728 longorum
1226 688 1436 718 sonorum
1463 679 1507 717 in
1533 678 1649 717 thesi
1676 677 1873 717 vocalem

320 747 691 786 antecedentium.
723 746 748 797 ξ
783 747 835 785 18
868 746 920 786 (16
950 746 1178 786 vocalibus
1209 745 1476 795 ancipitibus
1508 740 1546 794 ὅ,
1571 744 1600 795 ἲ,
1626 744 1663 795 ὗ,
1687 758 1765 795 η-ε,
1789 758 1875 783 ω-ο.

558 863 651 904 V11.
684 863 746 903 De
778 862 962 912 syllabis
996 863 1200 903 brevibus
1231 863 1276 902 in
1308 863 1396 902 arsi
1429 861 1655 902 collocatis
1718 891 1727 901 .
1792 891 1801 901 .
1866 890 1875 900 .

440 948 463 993 5
500 947 552 986 19
599 948 651 987 (16
697 947 904 987 brevibus
946 947 1129 996 syllabis
1167 947 1285 986 arsin
1328 946 1642 986 obtinentibus.
1683 947 1706 992 5
1738 945 1794 984 20
1826 945 1878 983 (16

321 1013 463 1061 prima
488 1014 629 1053 vocali
655 1015 946 1053 terminorum
973 1013 1143 1063 -ότεροσ,
1165 1012 1327 1052 -ότατοσ
1352 1014 1495 1052 metro
1521 1015 1704 1062 cogente
1730 1014 1773 1052 in
1791 1012 1876 1051 arsi

321 1079 550 1120 collocata.
580 1083 603 1128 5
622 1083 674 1121 21
709 1081 760 1121 de
792 1081 998 1121 brevibus
1024 1081 1208 1129 syllabis
1232 1080 1475 1120 initialibus
1502 1080 1620 1119 arsin
1647 1079 1880 1119 obtinenti-

323 1147 426 1195 bus;
459 1148 511 1187 de
542 1149 726 1197 syllabis
751 1148 995 1187 initialibus
1018 1149 1062 1187 in
1090 1147 1408 1196 compositione
1432 1147 1670 1196 productis.
1696 1149 1719 1194 5
1748 1147 1802 1185 22
1830 1146 1881 1184 de

323 1214 508 1262 syllabis
554 1215 760 1255 brevibus
805 1216 849 1254 in
896 1216 1038 1264 prima
1079 1215 1166 1254 arsi
1199 1214 1435 1253 collocatis.
1468 1211 1493 1261 ἓ
1525 1214 1580 1253 23
1614 1214 1665 1253 (16
1697 1213 1881 1261 syllabis

322 1280 528 1321 finalibus
545 1293 655 1330 quae
670 1284 715 1322 in
731 1285 857 1322 textu
873 1283 1034 1322 tradito
1052 1283 1207 1322 breves
1224 1282 1442 1330 videntur,
1461 1290 1615 1320 revera
1631 1280 1879 1329 productae.

562 1399 677 1438 VIII.
708 1398 770 1438 De
801 1399 984 1447 syllabis
1015 1398 1234 1448 positione
1266 1397 1494 1446 productis
1506 1424 1880 1436 ......

443 1482 466 1527 5
500 1483 555 1521 24
598 1483 795 1531 syllabae
836 1483 1055 1532 positione
1085 1481 1302 1529 quomodo
1333 1480 1644 1529 producantur.
1686 1481 1710 1526 5
1744 1479 1799 1519 25
1831 1479 1882 1518 (16

324 1551 540 1598 positione
572 1551 716 1590 debili.
748 1551 771 1596 5
804 1551 859 1590 26
885 1551 936 1590 (16
963 1550 1188 1589 vocalibus
1210 1548 1415 1588 finalibus
1441 1550 1542 1588 ante
1567 1547 1881 1587 semivocalem

326 1618 563 1665 productis.
602 1620 624 1665 5
659 1619 711 1657 27
756 1618 807 1657 (16
849 1617 1086 1666 geminatis
1127 1616 1248 1656 sonis
1279 1631 1323 1669 f,
1355 1618 1389 1665 λ,
1420 1630 1459 1665 μ,
1490 1629 1526 1664 ν,
1556 1629 1591 1664 ρ,
1623 1625 1657 1652 σ.
1694 1617 1715 1660 5
1749 1614 1804 1653 28
1832 1614 1883 1653 (16

323 1685 539 1733 positione
557 1686 689 1725 metri
717 1695 851 1724 causa
881 1685 1095 1734 neglecta.

207 1832 310 1882 cap.
344 1834 398 1873 II.
432 1834 493 1874 De
526 1836 730 1874 consonis
771 1858 1882 1874 ................

567 1951 599 1990 I.
627 1950 688 1990 De
720 1952 926 1991 consonis
956 1950 1193 1991 mobilibus
1211 1976 1883 1990 ..........

448 2044 471 2089 5
505 2043 559 2081 29
608 2043 659 2082 (16
711 2043 916 2083 consonis
962 2042 1168 2082 finalibus
1212 2041 1439 2090 neglectis.
1487 2043 1510 2088 5
1538 2041 1595 2080 30
1631 2041 1683 2080 de
1714 2049 1821 2079 sono
1842 2054 1885 2077 -v

329 2108 495 2149 mobili.
528 2110 551 2155 5
584 2110 638 2148 31
672 2110 723 2150 de
755 2121 863 2150 sono
898 2121 938 2147 -σ
969 2110 1134 2149 mobili.
1169 2111 1192 2156 5
1220 2109 1275 2147 32
1304 2109 1355 2148 de
1382 2109 1502 2147 vocis
1528 2106 1603 2147 οὐκ
1625 2117 1732 2147 sono
1749 2106 1883 2146 finali.

331 2178 354 2223 5
387 2177 442 2216 33
480 2177 531 2216 de
563 2178 768 2217 consonis
799 2179 844 2217 et
874 2176 1101 2216 vocalibus
1132 2186 1292 2215 vocum
1325 2176 1452 2216 initio
1482 2174 1733 2215 mobilibus.
1776 2173 1798 2217 ἓ
1830 2174 1884 2212 34

331 2243 384 2282 (16
415 2253 607 2283 consona
637 2259 655 2282 τ
688 2244 758 2284 vel
788 2249 820 2282 θ
851 2246 895 2283 in
929 2243 1086 2283 mediis
1118 2243 1300 2282 vocibus
1332 2242 1499 2282 mobili.

569 2352 626 2394 ΙΙ.
656 2352 717 2392 De
763 2362 1055 2392 consonarum
1086 2351 1290 2391 conflictu
1363 2378 1885 2391 ........

453 2437 476 2482 5
509 2436 564 2475 35
607 2439 650 2475 et
692 2438 748 2476 36
776 2437 828 2476 (16
869 2436 1006 2476 mutis
1037 2435 1289 2475 dentalibus
1319 2435 1520 2484 sequenti
1551 2445 1573 2472 6
1604 2432 1890 2473 assimulatis.

334 2503 357 2548 5
384 2503 437 2543 37
472 2504 523 2542 de
554 2504 840 2544 relativorum
874 2503 1078 2543 consonis
1108 2517 1137 2541 π
1169 2504 1214 2543 et
1243 2517 1262 2541 τ
1294 2502 1551 2551 geminatis;
1584 2501 1636 2541 de
1667 2501 1891 2550 geminata

335 2580 528 2609 consona
567 2583 612 2618 κ;
655 2572 707 2611 (16
748 2572 886 2611 mutis
917 2573 1019 2610 ante
1061 2580 1302 2610 consonam
1343 2585 1370 2619 μ
1412 2579 1498 2609 non
1539 2569 1736 2608 mutatis.
1778 2570 1801 2615 5
1833 2567 1888 2606 38

333 2637 385 2676 de
411 2647 604 2677 consona
628 2654 658 2690 f
684 2638 875 2687 liquidae
901 2638 1172 2687 praemissae
1203 2636 1488 2684 assimulata;
1519 2636 1570 2676 de
1601 2643 1892 2675 consonarum

336 2715 401 2754 σμ,
426 2716 486 2755 σν,
511 2708 569 2755 λσ,
593 2717 641 2755 ρσ
667 2706 882 2745 iunctura.
914 2705 976 2745 De
1007 2704 1190 2754 syllabis
1214 2704 1420 2745 brevibus
1451 2704 1569 2743 arsin
1595 2701 1892 2742 obtinentibus

334 2772 665 2812 observationes
697 2772 939 2821 generales,
971 2774 994 2819 5
1026 2773 1082 2812 39
1116 2772 1167 2811 (16
1198 2772 1449 2811 metathesi.

573 2880 650 2920 III.
683 2879 744 2918 De
773 2890 879 2919 sono
910 2895 940 2931 f
988 2905 1887 2919 .............

456 2965 478 3010 5
511 2964 567 3002 40
600 2963 650 3002 de
681 2964 780 3003 soni
810 2979 840 3016 f
871 2964 914 3002 in
942 2963 1131 3003 dictione
1157 2963 1278 3012 epica
1309 2963 1352 3002 vi
1379 2964 1424 3002 et
1447 2972 1541 3002 usu.
1569 2960 1594 3010 5
1621 2962 1670 3000 41
1695 2960 1890 3000 recensio

337 3040 496 3070 vocum
539 3041 564 3069 a
595 3041 788 3070 consona
818 3046 860 3083 f,
890 3032 913 3077 5
945 3032 1000 3069 42
1037 3040 1191 3070 vocum
1225 3040 1250 3069 a
1282 3030 1368 3082 dp,
1399 3030 1421 3076 5
1455 3030 1509 3069 43
1544 3038 1700 3068 vocum
1732 3027 1784 3066 ab
1821 3025 1889 3080 ἐρ-

336 3098 451 3148 apud
482 3098 724 3137 Homerum
756 3098 1075 3147 incipientium.

1965 594 2018 632 87

1969 860 2022 898 91

1973 1395 2028 1433 96

1949 1829 2031 1868 106

1950 1946 2032 1985 106

1955 2876 2036 2914 116
