2234 3443
169 179 194 224 ἓ
230 176 325 224 129,
364 175 462 220 130]
763 181 817 210 ΒΕ
847 179 1087 209 uommssus
1120 179 1407 208 VERBALmus.
1904 171 1989 209 257

282 298 445 337 Suffixo
485 311 599 346 -τρον
634 296 705 336 vel
739 298 865 346 :epona
896 295 1172 334 indicabatur
1201 295 1568 341 instrumentum;
1605 304 1674 333 ex.
1707 304 1769 342 gr.
1803 292 1990 345 ἄροτρον,

162 363 380 415 θρέπτρον,
419 362 603 415 φέρτρον,
641 363 811 413 λύθρον,
851 364 893 402 et
934 362 1099 401 inserto
1130 372 1237 400 sono
1269 372 1308 399 s:
1342 358 1573 411 τέρ-ε-τρον,
1604 358 1856 413 πέλ-ε-θρον,
1886 359 1991 413 ρέ-ε-

163 436 280 483 θρον.
307 433 514 472 Formam
547 431 782 480 gemellam
813 432 937 468 -θλον
970 429 1148 469 exhibet
1178 426 1385 477 θέμεθλον
1398 436 1430 465 a.

921 824 1125 865 CAPUT
1154 824 1227 864 III.

290 994 393 1044 DE
431 993 854 1045 AUGMENTO
894 993 989 1043 ET
1028 992 1130 1042 DE
1167 990 1841 1043 REDUPLICATIONE.

836 1146 874 1185 I.
906 1146 978 1184 De
1006 1147 1295 1192 augmento.

277 1266 306 1323 ᾗ
337 1268 431 1311 130.
466 1270 657 1317 Tempus
697 1269 1045 1318 praeterlapsum
1084 1270 1126 1305 in
1158 1267 1308 1314 lingua
1339 1266 1504 1305 Graeca
1534 1276 1708 1314 semper
1739 1267 1980 1307 indicatum

156 1341 226 1378 est
255 1341 490 1386 ouqmemo.
525 1338 610 1376 Suo
642 1337 734 1376 loco
767 1337 808 1374 id
836 1336 879 1374 in
906 1334 1264 1383 inscriptionibus
1291 1343 1508 1381 nusquam
1536 1343 1621 1372 non
1648 1335 1716 1372 est
1733 1336 1980 1385 exaratum,

156 1416 295 1454 neque
327 1416 352 1444 a
382 1405 524 1454 poetis
556 1404 624 1443 vel
661 1414 686 1442 a
716 1403 1004 1452 scriptoribus
1035 1401 1310 1450 pedestribus
1341 1403 1410 1439 est
1441 1400 1670 1440 omissum.
1705 1401 1792 1440 Soli
1824 1404 1980 1451 poetae

154 1473 266 1522 epici
295 1473 537 1519 horumque
567 1468 843 1510 imitatoresb
874 1471 1161 1517 augmentum
1195 1478 1325 1516 saepe
1355 1468 1658 1515 neglexerunt.

277 1539 393 1589 Quae
427 1549 497 1577 res
538 1538 647 1576 nihil
688 1538 788 1576 miri
827 1536 1020 1588 haberet,
1053 1536 1090 1574 si
1122 1536 1164 1574 in
1197 1536 1292 1583 ipsa
1325 1535 1507 1573 Graecia
1540 1537 1828 1582 augmentum
1861 1540 1982 1577 esset

155 1609 333 1655 natum;
367 1616 541 1645 sumere
573 1606 689 1644 enim
721 1605 873 1644 liceret
903 1604 1133 1642 verborum
1167 1601 1329 1650 figuras
1362 1604 1599 1650 augmento
1631 1602 1758 1641 orbas
1784 1614 1806 1642 e
1835 1606 1979 1644 vetus-

153 1674 330 1714 tissima
372 1673 548 1722 linguae
596 1674 739 1712 aetate
781 1673 982 1711 servatas
1030 1681 1141 1709 esse.
1186 1670 1268 1708 Sed
1315 1679 1401 1708 non
1449 1670 1512 1707 ita
1554 1669 1707 1708 habuit
1747 1681 1838 1719 res;
1871 1683 1977 1712 nam

154 1739 308 1779 Graeci
350 1739 465 1777 hunc
512 1749 684 1788 sonum,
734 1740 806 1787 qui
852 1739 1058 1787 primitus
1105 1738 1188 1776 fuit
1233 1738 1406 1785 integra
1447 1736 1602 1775 vocula
1643 1735 1708 1786 iic,
1752 1748 1850 1777 cum
1883 1740 1981 1788 ipsa

153 1807 305 1855 lingua
332 1809 593 1854 acceperunt
622 1817 647 1845 a
677 1807 856 1855 proavis
886 1806 988 1854 illis,
1019 1805 1133 1844 unde
1159 1805 1293 1843 etiam
1325 1804 1474 1842 Indiae
1507 1806 1551 1842 et
1582 1804 1817 1845 Armeniae
1847 1808 1978 1849 duxe-

157 1876 260 1914 runt
297 1874 489 1921 incolae;
533 1877 702 1913 ceterae
744 1877 892 1913 autem
926 1875 1081 1922 gentes
1116 1874 1326 1920 cognatae
1358 1872 1440 1910 hoc
1471 1870 1714 1920 praefixum
1748 1876 1824 1912 aut
1854 1885 1978 1916 num-

155 1952 287 1990 quam
328 1944 598 1990 usurparunt
635 1944 711 1980 aut
753 1943 926 1980 mature
966 1940 1233 1979 abiecerunt.
1268 1939 1384 1987 Quae
1416 1939 1453 1977 si
1483 1938 1605 1976 labes
1638 1941 1681 1977 et
1713 1939 1977 1983 Graecorum

156 2009 260 2049 olim
292 2009 488 2057 linguam
521 2010 772 2055 invasisset,
808 2007 900 2047 fieri
932 2008 1008 2046 vix
1045 2007 1261 2055 potuisset
1290 2007 1395 2053 quin
1428 2006 1571 2053 magis
1600 2007 1826 2055 magisque
1858 2010 1978 2050 obso-

173 2078 341 2116 esceret
381 2078 670 2124 augmentum
716 2078 760 2114 et
801 2075 980 2114 tandem
1024 2084 1202 2122 prorsus
1244 2074 1456 2112 interiret.
1491 2072 1760 2122 Quapropter
1791 2086 1876 2115 non
1909 2081 1979 2118 est

147 2143 354 2185 credibile
390 2144 471 2182 hoc
502 2143 758 2192 praefixum,
791 2143 904 2191 quod
936 2144 1034 2190 post
1066 2142 1248 2181 Homeri
1281 2151 1439 2180 aevum
1472 2141 1770 2188 integerrimis
1802 2155 1978 2195 semper

155 2212 323 2251 viribus
355 2212 421 2250 est
454 2221 598 2259 usum,
631 2211 754 2250 senio
782 2210 1029 2249 confectum
1063 2210 1200 2249 fuisse
1231 2210 1325 2257 ipso
1357 2209 1552 2248 vivente.

275 2278 356 2317 Diu
392 2283 540 2317 autem
585 2280 686 2317 ante
725 2280 953 2327 poetarum
996 2278 1217 2325 epicorum
1259 2277 1450 2315 aetatem
1492 2280 1780 2324 augmentum
1824 2281 1979 2329 viguit.

157 2345 269 2384 Nam
309 2346 532 2394 temporale
562 2346 722 2394 prodiit
753 2356 775 2384 e
806 2342 1016 2394 syllabica
1049 2354 1180 2383 sonos
1213 2346 1361 2382 autem
1394 2341 1437 2392 ἠ-
1470 2345 1513 2382 et
1545 2341 1607 2387 ὠ-,
1639 2345 1795 2392 quibus
1827 2347 1981 2389 Graeci

157 2414 445 2460 augmentum
476 2413 720 2461 temporale
751 2411 1067 2460 significarunt,
1098 2422 1182 2450 non
1215 2411 1359 2460 potuit
1389 2411 1432 2450 in
1464 2411 1659 2460 ipsorum
1699 2422 1772 2452 ore
1803 2415 1981 2463 gignere

155 2480 360 2519 iunctura
400 2480 618 2518 vocalium
657 2478 734 2528 ἐα-,
773 2478 842 2528 ἐε-,
885 2479 957 2529 ἐο-,
1001 2480 1076 2518 sed
1119 2480 1222 2518 ante
1252 2489 1437 2528 poeseos
1470 2478 1659 2518 Graecae
1691 2481 1864 2520 natales
1895 2481 1982 2531 ἀα-,

156 2545 235 2596 ἀε-,
277 2545 347 2584 ἀο-
391 2547 435 2584 in
477 2544 517 2596 ἠ·
551 2548 594 2585 et
625 2544 674 2584 ὠ-
706 2545 919 2596 abierunt,
959 2547 1012 2586 ad
1045 2547 1200 2585 horum
1233 2548 1381 2584 autem
1414 2555 1626 2584 sonorum
1658 2549 1912 2597 exemplum
1944 2553 1977 2587 ἴ-

159 2711 254 2740 vocis
277 2709 481 2739 desinebant
502 2710 536 2738 in
560 2721 638 2746 -σισ,
660 2709 864 2740 recentioris
887 2711 977 2740 enim
993 2712 1091 2740 erant
1110 2708 1269 2748 originis:
1291 2712 1380 2750 πάρ-,
1402 2720 1525 2750 παραι-,
1540 2712 1714 2749 πρόφασισ.
1846 2723 1866 2742 a
1891 2713 1980 2743 Gon-

158 2765 286 2801 gruunt
322 2762 487 2792 feminina
521 2762 556 2791 in
590 2765 685 2800 ·θλη;
710 2763 852 2800 γενέθλη,
882 2765 1034 2801 ἱμάσθλη,
1066 2766 1174 2801 ἐχέτλη
1198 2763 1339 2793 Hesiod.
1559 2762 1575 2791 b
1600 2763 1712 2792 Etiam
1736 2764 1833 2801 lyrici
1855 2768 1981 2803 poetae

155 2817 212 2846 his
245 2815 461 2846 accensendi.
684 2823 700 2844 σ
722 2816 863 2845 Priscus
897 2825 1003 2845 sonus
1036 2818 1242 2854 superestne
1276 2815 1311 2846 in
1345 2815 1633 2853 inscriptionibus
1667 2814 1838 2846 Laconica
1873 2819 1979 2848 4523:

159 2868 307 2905 Εὔμυθισ
339 2869 476 2905 &adverse
509 2864 567 2906 (=
592 2868 785 2905 ἐπόνησεῗῖ)
821 2868 856 2897 et
889 2868 972 2897 Elea
1009 2868 1113 2898 1176:
1140 2870 1240 2897 Κοῖόσ
1274 2869 1303 2905 μ’
1341 2869 1489 2905 &urinam
1522 2870 1556 2897 et
1586 2865 1621 2896 in
1646 2866 1773 2903 glossis
1796 2869 1980 2907 Hesychii:

156 2920 287 2960 ἄδειρεν,
310 2919 460 2959 ἄβραχεν,
484 2919 648 2958 ἄσβεσθεῖ
672 2919 889 2949 Probabilior
913 2922 965 2949 est
991 2918 1109 2957 opinio
1134 2918 1327 2957 G.Meyeri²
1355 2920 1374 2957 ξ
1399 2920 1463 2948 474
1489 2927 1610 2949 sonum
1633 2920 1667 2948 ὀι-
1686 2920 1721 2948 in
1740 2918 1838 2950 Elide
1858 2931 1876 2951 e
1895 2930 1981 2954 sono

159 2975 186 3002 3-
222 2972 335 3002 denuo
368 2973 487 3001 natum
523 2980 600 3001 esse
623 2972 823 3009 statuentis;
854 2961 970 3009 qualia
1000 2972 1170 3002 dialectus
1194 2973 1277 3002 Elea
1306 2972 1416 3001 multa
1439 2970 1574 3001 habuit.
1600 2970 1760 3002 Laconico
1783 2975 1899 3004 autem
1919 2973 1982 3006 illo

159 3025 316 3062 exemplo
349 3033 418 3054 non
452 3022 503 3053 uti
535 3024 645 3054 satius
674 3026 738 3060 est,
769 3033 847 3054 nam
873 3025 908 3053 in
934 3025 1049 3063 lapide
1074 3034 1141 3054 non
1166 3024 1291 3054 NAFE
1310 3024 1372 3054 sed
1396 3023 1522 3053 NAEF
1542 3024 1679 3054 videtur
1702 3033 1780 3054 esse
1799 3026 1981 3067 scriptum,

159 3077 308 3106 fortasse
332 3075 439 3114 igitur
463 3077 710 3106 conferendum
726 3078 778 3106 est
792 3077 935 3106 verbum
955 3077 1127 3106 Creticum
1152 3078 1480 3106 ιάεύεινεὶκετιύειν
1503 3085 1581 3115 pag.
1603 3077 1664 3106 171
1681 3085 1726 3113 m;
1753 3077 1815 3107 sed
1833 3078 1981 3111 obscura

156 3130 195 3158 et
217 3129 266 3158 sic
289 3131 407 3158 manet
428 3129 619 3166 inscriptio.
643 3128 713 3158 An:
737 3128 884 3166 Εὔμυθισ
907 3129 970 3158 ἀπὸ
993 3129 1072 3158 dein
1096 3130 1290 3166 genitivus?

230 3186 304 3214 Van
321 3186 493 3214 Leeuwen.
511 3185 750 3216 Euchiridium.
1839 3189 1874 3216 17
