2234 3443
175 203 198 248 ἓ
231 203 301 248 27]
704 212 757 240 DE
791 210 1028 240 VOCALIBUS
1059 210 1110 238 ΕΤ
1142 208 1453 237 DlPHTHONfflS.
1909 192 1989 229 101

411 326 615 364 Fortasse
683 325 928 364 addendum
984 326 1051 362 est
1106 324 1282 371 ignotae
1336 321 1516 369 originis
1568 329 1726 358 nomen
1772 316 1994 366 proprium

469 389 701 441 Ἐΰσσωροσ
714 402 743 428 α.

412 461 475 499 Ex
517 460 706 500 Hesiodo
739 461 953 500 accedunt
985 458 1255 497 ἀνασσείσασα
1268 456 1296 506 b,
1329 456 1593 508 609v666060‚
1619 447 1913 503 φερεσσακήσᾶ,
1941 460 1996 488 ex

471 529 650 576 hymnis
682 527 814 577 ἔλλαχε
828 535 854 564 2.

293 595 456 634 Eadem
488 605 694 634 sonorum
727 598 748 633 λ
781 597 824 634 et
855 606 876 632 6
907 596 974 633 vis
1006 595 1090 633 fuit
1121 595 1165 632 in
1197 593 1450 632 nominibus
1483 590 1666 639 propriis
1698 583 1924 637 Ἀχι(λ)λεύσ
1956 585 1999 622 et

168 662 424 711 Οδυ(σ)σεύσ,
455 672 637 710 quorum
671 662 843 709 syllaba
872 662 1017 701 media
1044 671 1174 710 saepe
1201 661 1243 699 in
1271 660 1359 698 arsi
1386 661 1452 698 est
1470 658 1696 704 collocata,
1715 654 1791 693 sed
1809 654 1852 691 et
1870 661 1999 699 saepe

165 719 227 768 ’in
268 729 398 778 thesi,
430 730 503 768 ubi
534 730 679 768 brevis
710 729 804 768 fuit.
838 730 936 768 Alia
967 739 1076 776 quae
1110 729 1213 766 sunt
1243 726 1544 766 huiuscemodi
1575 725 1812 772 tangentur
1842 716 1996 759 infraf.

293 864 408 914 Quae
440 864 573 912 igitur
605 873 737 902 causa
769 863 912 902 effecit
944 865 992 901 ut
1018 862 1361 911 producerentur
1387 860 1596 908 syllabae,
1623 866 1731 906 quae
1749 864 1880 904 supra
1897 854 2001 891 sunt

173 933 456 972 indicataeff‘?

292 1000 397 1039 Post
442 998 682 1038 multorum
727 998 1051 1036 inconsiderata
1098 997 1346 1036 tentamina
1384 995 1738 1034 demonstratum
1769 991 1850 1029 ivit
1882 986 1998 1027 Hoff-

174 1062 343 1106 mannl‘
378 1066 558 1115 „multis
590 1066 635 1104 in
667 1065 863 1113 vocibus,
896 1076 1006 1112 quae
1039 1066 1081 1104 in
1115 1065 1290 1114 scriptis
1322 1064 1502 1103 Homeri
1532 1059 1802 1101 carminibus
1832 1065 1945 1095 nunc
1979 1064 2003 1092 a

175 1134 387 1183 „singulis
404 1134 565 1173 litteris
587 1134 790 1173 consonis
819 1134 1079 1181 incipientes
1111 1133 1323 1180 feruntur,
1353 1141 1402 1170 eo
1430 1132 1626 1178 tempore
1652 1138 1736 1175 quo
1762 1126 1877 1164 facta
1899 1125 2001 1162 sunt

178 1202 311 1250 „haec
358 1201 554 1241 carmina
598 1201 722 1239 binas
769 1201 904 1239 fuisse
947 1210 1160 1239 consonas
1202 1199 1460 1247 initiales’'t,
1496 1200 1537 1236 et
1568 1197 1698 1235 evicit
1729 1193 2001 1242 geminatum

175 1270 318 1318 sigma
349 1269 581 1308 verborum
614 1270 737 1306 σαίνω
771 1271 813 1307 et
846 1268 936 1306 σείω
969 1278 1144 1306 servare
1176 1268 1366 1315 vestigia
1394 1267 1560 1305 formae
1588 1265 1754 1313 priscae
1781 1259 1930 1312 esaim
1960 1258 2003 1296 et

173 1337 325 1388 afcimj,
365 1338 523 1385 stirpes
564 1346 588 1374 a
631 1346 737 1375 sono
772 1351 792 1385 ρ
826 1345 951 1374 orsas
982 1335 1186 1383 primitus
1218 1345 1242 1373 a
1274 1335 1394 1373 sonis
1423 1348 1478 1385 fp
1510 1332 1579 1371 vel
1611 1343 1657 1379 σρ
1691 1328 1899 1377 coepisse,
1934 1335 2002 1364 ex.

172 1415 235 1453 gr.
286 1404 470 1443 verbum
518 1402 654 1453 ἔρρηξε
701 1403 804 1442 olim
852 1403 992 1443 fuisse
1039 1402 1218 1454 {lfpvqgffi
1268 1412 1346 1441 nec
1393 1411 1479 1440 non
1525 1399 1712 1447 liquidas
1757 1394 2004 1444 geminatas

173 1471 489 1510 adiectivorum
532 1470 802 1520 φιλομμειδήσ
845 1473 887 1509 et
924 1468 1153 1520 ἀγάιιυιφοσ
1185 1481 1240 1509 ex
1272 1482 1323 1518 σμ
1355 1471 1398 1508 et
1430 1480 1476 1506 σν
1509 1477 1606 1507 esse
1636 1467 1778 1505 natas.
1811 1461 2002 1501 Verbum

171 1536 289 1576 εὔαδε
334 1539 485 1576 autem
532 1538 626 1576 sive
673 1536 815 1590 ἔρραδε
861 1538 1095 1586 aliquando
1137 1538 1219 1576 fuit
1259 1536 1433 1589 526f⁰=5⁸2
1474 1538 1517 1574 et
1549 1534 1700 1582 stirpis
1729 1535 1804 1581 λκγ
1835 1530 2002 1569 formas

173 1603 392 1652 ἀπολλῐῖξαι
424 1604 619 1652 aliasque
651 1606 857 1654 primitus
889 1615 1021 1644 sonos
1056 1608 1134 1642 -σλ-
1167 1605 1372 1643 habuisse
1405 1602 1606 1643 credibile
1639 1602 1706 1639 est
1720 1593 1752 1638 ¹⁶.

292 1672 491 1711 Aliarum
533 1682 635 1711 vero
677 1683 834 1712 vocum
877 1674 1035 1712 iterata
1076 1672 1332 1712 semivocali
1374 1671 1612 1719 insignium
1646 1669 1829 1716 stirpem
1861 1663 2003 1714 primi-

171 1741 311 1780 tivam
365 1740 437 1787 qui
479 1749 534 1778 ex
565 1741 688 1788 epica
718 1741 906 1780 dictione
939 1740 1109 1780 efficere
1142 1743 1245 1779 sunt
1277 1740 1435 1788 conati,
1469 1740 1513 1777 in
1545 1736 1738 1776 tenebris
1769 1732 2004 1773 micabant.

175 1808 455 1847 Adiectivum
502 1805 718 1857 ἐΰσσελμοσ
763 1808 902 1847 fuitne
950 1808 1055 1847 olim
1104 1806 1352 1859 ἐΰσμλμοσὶ)
1399 1805 1616 1845 Adiectivi
1657 1803 1833 1850 ἅλλοφοσ
1865 1799 2006 1848 figura

174 1875 361 1924 pristina
406 1874 505 1913 aliis
551 1872 750 1926 ἅ-γλοφοσ
794 1875 931 1914 fuisse
979 1876 1074 1914 visa
1121 1879 1202 1923 est,
1252 1875 1350 1913 aliis
1397 1872 1608 1921 ἅ-σλοφοσ,
1654 1871 1751 1909 aliis
1793 1866 2004 1915 ὁὶ-νλοφοσ.

175 1943 366 1982 Verbum
407 1942 601 1990 λίσσομαι,
643 1943 765 1981 cuius
807 1946 1093 1991 augmentum
1137 1943 1271 1982 etiam
1303 1943 1346 1980 in
1379 1942 1494 1980 thesi
1526 1939 1782 1989 productum
1816 1937 1884 1975 hic
1915 1934 2004 1973 illic

174 2010 410 2058 invenitur,
439 2010 578 2049 fuitne
609 2008 885 2061 fkiosoumss
914 2013 980 2050 An
1014 2010 1292 2061 γλίσσομοιιῬ7η
1334 2011 1401 2048 An
1435 2007 1710 2055 σλίσσομαιῖπ
1742 2002 2004 2043 Huiusmodi

176 2078 456 2126 quaestiones
498 2076 747 2126 complures
789 2081 893 2117 sunt
923 2081 1093 2125 motae;
1128 2088 1257 2116 nemo
1290 2080 1437 2116 autem
1471 2076 1611 2114 dicere
1644 2073 1796 2112 habuit
1826 2071 1868 2109 in
1902 2068 2005 2119 μάλα

176 2145 325 2196 μεγάλκ
366 2144 436 2184 vel
479 2145 522 2183 in
565 2142 623 2183 ἐνὶ
656 2145 860 2195 μεγάροισι
894 2146 965 2193 qui
998 2145 1176 2184 tandem
1210 2154 1345 2183 sonus
1376 2145 1476 2183 ante
1507 2142 1718 2191 liquidam
1750 2138 2004 2186 interiisset,

176 2215 220 2251 et
251 2212 451 2251 ducentis
480 2213 630 2251 tamen
662 2212 750 2251 fere
782 2213 891 2252 locis
918 2213 1062 2252 brevis
1089 2212 1254 2251 vocalis
1281 2214 1381 2250 ante
1408 2212 1589 2251 nomina
1615 2208 1738 2260 μέγασ
1763 2210 1807 2246 et
1832 2205 2006 2256 μέγαρον

177 2279 384 2328 producta
415 2280 482 2317 est
495 2286 526 2318 0.

290 2346 521 2385 Faciamus
568 2349 717 2386 autem
761 2347 1052 2386 demonstrari
1093 2356 1222 2395 posse
1264 2356 1418 2385 omnes
1460 2346 1632 2393 stirpes,
1675 2344 1776 2382 ante
1819 2349 2002 2389 quarum

178 2423 334 2452 sonum
377 2428 421 2464 ρ,
460 2415 496 2463 λ,
533 2429 573 2463 μ,
618 2429 654 2463 v,
696 2426 717 2451 σ
748 2414 913 2454 vocalis
947 2415 1091 2453 brevis
1123 2414 1195 2452 hic
1226 2413 1314 2452 illic
1346 2414 1464 2452 arsin
1496 2412 1676 2460 obtinet,
1710 2420 1735 2448 a
1765 2409 1879 2447 binis
1911 2417 2005 2447 con-

178 2481 298 2519 sonis
339 2480 533 2528 coepisse
564 2482 784 2530 primituS,
821 2504 872 2509 -
908 2481 1007 2529 quid
1040 2481 1120 2520 hoc
1152 2481 1344 2519 conferet
1377 2480 1430 2519 ad
1461 2479 1641 2518 Homeri
1674 2479 1815 2517 artem
1848 2475 2007 2514 melius

178 2548 558 2596 cognoscendam?
585 2548 796 2587 Meliusne
823 2549 886 2588 sic
912 2549 1192 2597 intellegetur
1219 2548 1433 2596 quomodo
1458 2546 1686 2596 particulis
1713 2544 1755 2583 δέ
1782 2546 1825 2584 et
1841 2544 1944 2593 μάλα
1960 2543 2004 2580 in

266 2696 286 2715 α
308 2689 335 2715 Ζ
360 2687 390 2716 8.
525 2685 541 2714 b
565 2687 647 2716 Hes.
671 2685 759 2725 Glip.
784 2687 859 2716 273.
995 2696 1010 2716 c
1033 2686 1122 2716 Ibid.
1147 2688 1197 2716 54.
1333 2686 1356 2716 d
1375 2686 1466 2717 Ibid.
1491 2687 1544 2716 13.
1568 2686 1680 2716 Huius
1704 2680 1866 2714 adiectivi
1890 2689 2003 2711 exem-

175 2739 271 2777 plum
295 2739 452 2776 sequitur
475 2739 642 2778 φορέσβιοσ
666 2738 701 2768 h.
725 2740 788 2777 Ap.
813 2740 875 2769 341
902 2739 983 2768 Hes.
1004 2739 1133 2775 Theog.
1155 2739 1230 2768 693.
1388 2748 1404 2769 e
1430 2740 1471 2769 H.
1497 2737 1570 2768 Cer.
1596 2739 1636 2768 86
1662 2746 1713 2774 sq.
1859 2733 1881 2770 f
1907 2732 1926 2771 ἓ
1951 2733 2004 2763 36·

306 2801 329 2830 q
349 2791 367 2829 ξ
400 2791 441 2820 26
474 2793 508 2820 et
532 2791 584 2820 27.
719 2790 739 2819 Ιι
759 2791 900 2827 Quaest.
923 2791 1023 2823 Hom.
1047 2791 1063 2820 Ι
1090 2792 1153 2821 110
1177 2800 1264 2829 sqq„
1291 2792 1388 2821 1842.
1525 2791 1536 2821 i
1559 2791 1646 2821 Item
1672 2790 1806 2819 Ahrens
1830 2786 1892 2817 Bh.
1916 2786 2004 2815 Mus.

179 2843 277 2879 1842,
309 2843 372 2873 167
407 2851 482 2880 sqq.
516 2845 550 2872 et
574 2841 697 2872 Philol.
720 2844 819 2879 1849,
844 2844 908 2873 592
933 2852 1009 2881 sqq.
1036 2845 1090 2880 (=
1103 2844 1150 2875 kl.
1173 2844 1268 2874 Sohr.
1294 2844 1309 2874 1
1335 2845 1376 2874 89
1403 2843 1502 2882 sqq.).
1626 2842 1648 2881 j
1672 2839 1781 2872 Tertii
1805 2839 1902 2870 verbi
1926 2839 2005 2868 σεύω

177 2895 324 2925 formam
360 2896 543 2934 pristinam
577 2896 684 2925 fuisse
715 2899 813 2933 ofev'm
843 2898 1040 2925 statuerunt
1069 2896 1253 2926 Hoffmann
1277 2900 1311 2926 et
1335 2897 1478 2932 Ahrens,
1502 2898 1599 2925 τσεύω
1622 2895 1796 2933 (primitus
1820 2894 1909 2930 τμύω
1932 2891 2004 2920 sive

176 2945 284 2987 κμύω)
307 2948 508 2986 Brugmann
534 2946 588 2977 Gr.
613 2948 766 2978 Gramm.
794 2947 812 2985 ξ
833 2949 886 2983 38,
911 2948 1173 2978 Kfihner-Blass
1193 2949 1210 2979 Ι
1233 2950 1249 2986 ξ
1277 2950 1316 2978 19
1343 2949 1441 2977 Anm.
1467 2949 1496 2977 3.
1521 2948 1564 2977 Et
1584 2947 1793 2977 adiectivum
1807 2945 2005 2985 φερεσσακήσ

176 2999 337 3039 primitus
369 3001 478 3030 fuisse
512 3003 721 3040 ‹papa-rfaxrjo
755 3003 955 3030 sumserunt
988 3001 1027 3030 L.
1060 3002 1179 3039 Meyer
1215 3002 1293 3031 coll.
1325 3009 1453 3030 sanscr.
1487 3002 1558 3030 tvae
1587 3000 1658 3029 sive
1688 2999 1772 3030 cutis
1801 3001 1835 3028 et
1858 2995 2004 3028 Schulze

176 3053 314 3090 Qnaeet.
340 3053 403 3091 Ep.
429 3054 482 3083 20.
619 3053 639 3082 k
662 3053 699 3083 L.
723 3053 841 3090 Meyer
864 3053 1034 3083 Bezzenb.
1060 3054 1163 3083 Beitr.
1188 3054 1233 3084 VI
1258 3055 1322 3084 305
1347 3053 1482 3083 confert
1507 3053 1606 3090 Angl.
1621 3052 1720 3082 slack.
1857 3051 2004 3081 lewes

177 3106 272 3136 Misc.
311 3104 393 3135 erit.
421 3106 495 3136 160.
631 3115 659 3134 m
683 3105 878 3134 Hoffmann.
1016 3116 1035 3135 n
1060 3107 1206 3136 Schulze
1231 3107 1370 3142 Quaest.
1393 3106 1456 3144 Ep.
1482 3106 1557 3135 413.
1693 3114 1711 3134 o
1736 3105 1880 3135 vHartel
1903 3105 2004 3134 Hom.

179 3157 278 3187 stud.
301 3158 410 3187 initio.
