2234 3443
186 117 211 156 6
959 127 1215 157 PRAEFATIO.

180 249 285 277 nam
317 238 413 286 ipsa
443 239 618 286 quidem
650 239 795 279 Wolfii
829 243 872 279 et
902 240 1218 280 Wolfianorurn
1246 242 1497 281 coniectura
1523 244 1575 282 ad
1601 244 1775 283 irritum
1803 245 2005 294 concidit,

181 305 257 344 sed
294 306 496 355 plurima,
540 317 650 354 quae
693 309 808 346 scitu
849 310 954 346 sunt
986 309 1260 357 dignissima,
1293 310 1336 347 in
1369 309 1511 348 lucem
1544 311 1725 359 protulit
1756 312 1929 352 illorum
1961 315 2005 352 et

180 373 531 412 adversariorum
563 376 694 413 acuta
726 375 954 414 industria.

298 507 459 546 Verum
500 509 650 546 autem
691 508 779 546 veri
810 510 964 556 poetae
995 518 1170 547 carmen
1203 519 1302 548 cum
1335 510 1524 549 dicimus
1554 511 1737 551 Iliadem
1770 513 1840 552 vel
1871 513 2003 561 Odys-

174 584 311 623 seam,
344 577 491 623 aperte
522 576 656 623 igitur
688 578 901 623 negantes
927 576 1145 615 utramvis
1173 578 1375 615 constare
1401 588 1423 616 e
1450 579 1693 618 carminum
1712 582 2005 620 vetustiorum

175 641 438 689 fragmentis
482 642 712 691 postmodo
759 643 970 692 consutis,
1014 643 1196 682 minime
1237 644 1371 682 simul
1408 655 1623 693 negamus
1651 649 1827 694 poetam
1858 648 2007 687 Iliadis

180 709 246 748 vel
283 709 504 758 Odysseae
535 710 753 749 materiem
784 711 868 749 sibi
900 711 1112 759 petivisse
1138 722 1160 749 e
1188 712 1502 752 vetustioribus
1527 713 1687 752 fabulis
1713 715 1807 754 sive
1831 737 1882 743 ——
1901 726 2004 754 nam

179 776 331 814 eodem
364 777 445 815 hoc
476 777 587 815 redit
621 799 673 805 —
708 778 992 817 carminibus.
1025 778 1166 817 Immo
1200 789 1294 817 rem
1323 779 1386 818 sic
1413 790 1459 818 se
1487 780 1695 820 habuisse
1721 782 2006 821 manifestum

178 845 268 882 est:
302 843 430 882 aliter
460 843 554 882 fieri
586 854 640 883 ne
671 846 815 893 potuit
847 846 1037 893 quidem.

298 911 380 949 Diu
417 912 545 950 'enim
593 914 695 951 ante
737 913 917 952 Homeri
958 915 1150 952 aetatem
1200 914 1242 952 in
1290 914 1472 953 Graecia
1506 916 1710 954 vixerunt
1749 915 1885 955 ἀοιδοί
1912 918 2007 956 sive

180 979 396 1028 cantores,
436 979 508 1027 qui
547 980 790 1028 priscorum
835 991 990 1029 regum
1029 980 1161 1020 fortia
1193 982 1417 1020 facinoraa
1450 982 1648 1021 solebant
1682 985 1875 1023 carmine
1906 984 2011 1024 cele-

180 1044 303 1083 brare
343 1045 387 1084 in
430 1046 612 1085 aedibus
643 1047 890 1096 principum
923 1048 993 1086 vel
1025 1059 1172 1087 coram
1206 1049 1353 1097 populi
1387 1060 1545 1088 corona
1562 1047 1592 1099 b,
1620 1050 1847 1088 accinente
1878 1059 2007 1098 quam

178 1113 382 1152 manibus
414 1115 623 1153 tenebant
653 1116 837 1154 cithara.

296 1180 568 1228 Rogantibus
608 1185 756 1221 autem
799 1184 844 1221 in
886 1193 1078 1231 quanam
1125 1185 1406 1232 potissimum
1450 1185 1656 1224 Graeciae
1689 1187 1811 1234 parte
1842 1185 1887 1223 hi
1914 1195 2009 1223 can·

179 1248 298 1286 tores
345 1251 485 1287 artem
534 1260 660 1288 suam
704 1251 994 1299 exercuerint,
1038 1252 1152 1289 ultro
1194 1262 1240 1290 se
1283 1251 1471 1291 offerunt
1512 1252 1630 1291 clara
1659 1253 1934 1302 Mycenarum
1967 1254 2010 1291 et

183 1314 392 1364 Tirynthis
422 1317 614 1362 nomina,
650 1317 723 1355 ubi
751 1317 925 1356 aedium
952 1320 1083 1365 atque
1109 1319 1408 1367 sepulcrorum
1434 1321 1680 1368 ingentium
1698 1320 1868 1368 rudera,
1886 1329 2012 1367 reges

179 1385 379 1430 potentes
423 1386 552 1432 atque
593 1385 752 1423 divites
793 1386 1018 1433 testantia,
1061 1386 1328 1425 mirantibus
1361 1389 1538 1426 nostrae
1571 1389 1730 1426 aetatis
1762 1387 2014 1426 hominibus

178 1451 370 1489 ostendit
402 1451 703 1490 Schliemanni
733 1462 871 1500 sagax
904 1453 1136 1492 industria.
1171 1454 1366 1502 Mycenis
1399 1455 1660 1503 praesertim
1693 1456 1797 1502 quin
1830 1455 2011 1494 celebra-

179 1519 330 1556 rentur
361 1519 615 1558 Atridarum
648 1520 841 1559 facinora
869 1519 961 1558 fieri
988 1521 1065 1559 vix
1090 1522 1246 1569 potuit.
1275 1522 1358 1560 Sed
1384 1522 1516 1560 etiam
1541 1522 1794 1561 Thessaliam
1812 1524 2011 1571 spectare

181 1595 260 1624 nos
303 1588 466 1633 cogunt
507 1586 692 1625 Achillis
723 1597 884 1626 nomen
916 1591 960 1626 et
991 1589 1118 1627 sedes
1152 1589 1332 1628 deorum
1368 1589 1621 1638 Olympusc.
1655 1590 1801 1637 Neque
1835 1590 2012 1629 occiden-

179 1653 302 1692 talem
350 1652 550 1692 Graeciae
595 1665 715 1693 oram
763 1656 1140 1695 commemorandi
1186 1657 1304 1695 iusta
1345 1667 1479 1696 causa
1515 1657 1661 1705 abest;
1694 1658 1739 1696 in
1772 1657 1860 1696 illis
1891 1657 2008 1696 enim

180 1721 432 1769 regionibus
463 1722 547 1760 fuit
578 1712 720 1770 patria
751 1723 896 1762 Ulixis
909 1720 941 1762 d.
975 1720 1098 1762 Creta
1125 1734 1308 1774 quoque,
1337 1725 1461 1764 cuius
1488 1735 1614 1773 reges
1640 1725 1780 1763 claros
1798 1724 2012 1772 urbesque

179 1790 356 1827 centum
403 1789 626 1828 Homerus
671 1790 715 1828 in
763 1791 1033 1829 carminibus
1075 1792 1243 1840 passim
1285 1792 1459 1841 extulit,
1503 1792 1575 1831 ubi
1606 1792 1764 1830 rudera
1793 1792 2010 1840 regiarum

179 1855 506 1904 splendidarum
549 1859 593 1895 et
635 1859 994 1906 perantiquamm
1039 1859 1108 1897 his
1150 1860 1277 1898 annis
1308 1861 1412 1898 sunt
1444 1859 1617 1908 effossa,
1651 1859 1914 1907 dignissima
1945 1860 2013 1897 est

265 2028 285 2047 a
319 2019 408 2048 κλέεα
444 2021 576 2060 ἀιδρῶιτ,
614 2025 632 2051 l
665 2023 740 2057 189,
778 2022 842 2051 521·
876 2025 900 2051 θ
935 2023 986 2051 73.
1122 2022 1138 2051 h
1163 2021 1350 2052 Cantorum
1376 2025 1533 2052 certamen
1557 2024 1592 2052 in
1617 2023 1739 2052 funere
1763 2020 2012 2052 A'cidamantis

179 2069 360 2101 cuiusdam
394 2072 633 2103 Chalcidensis
663 2075 818 2104 habitum
850 2074 1134 2105 commemoravit
1166 2076 1339 2105 Hesiodus
1372 2076 1474 2114 Oper.
1499 2077 1564 2105 654
1589 2084 1681 2113 sqq.:
1706 2076 1787 2104 ἔνθα
1811 2074 1842 2104 δ’
1864 2076 1939 2111 ἐγὼν
1961 2073 2007 2104 ἐπ’

177 2123 280 2152 ἄεθλα
306 2124 478 2165 δαΐφρονοσ
499 2127 746 2163 :amoenas-zoa
767 2127 771 2165 Ι
793 2128 939 2157 Χαλκίδα
963 2128 994 2157 τ’
1022 2129 1278 2168 εἰσεπὲρησα·τὰ
1303 2129 1335 2157 δὲ
1359 2129 1625 2168 προπεφραδμένα
1652 2129 1750 2157 πολλὰ
1770 2127 1774 2166 Ι
1796 2123 1866 2157 ἇθλ’
1895 2128 2011 2156 ἔθεσαν

177 2176 290 2205 aarum
312 2180 532 2219 μεγαλήτορεσ.
558 2181 638 2209 ἔνθα
660 2180 698 2216 μέ
723 2192 801 2218 φημι
823 2180 827 2217 Ι
850 2181 944 2217 ὕμινωι
969 2184 1137 2217 νικήσαντα
1162 2181 1266 2220 φέρειν
1279 2180 1409 2220 τρίποδ’
1424 2183 1601 2210 οὐιιτόειτα.
1615 2181 1723 2217 Quem
1738 2179 2012 2210 Alcidamantem

179 2229 212 2257 in
236 2227 517 2261 Chalcidensium
546 2241 623 2261 cum
648 2231 890 2262 Eretriensihus
914 2233 1030 2271 aliquo
1055 2233 1149 2263 bello
1179 2234 1349 2263 cecidisse
1374 2234 1532 2272 perhibet·
1558 2233 1769 2263 Plutarchus
1792 2233 1878 2262 Mor.
1906 2233 1967 2262 153
1981 2232 2009 2270 f.

178 2280 262 2312 Cum
300 2281 439 2313 Homero
476 2288 591 2315 autem
628 2285 816 2315 Hesiodum
851 2290 934 2315 tunc
967 2289 1183 2316 concertasse
1215 2289 1337 2325 postea
1363 2287 1462 2316 finxit
1488 2288 1636 2325 scriptor
1661 2287 1786 2323 assiquis
1810 2294 2013 2323 anonymus,

179 2336 278 2364 cuius
312 2330 516 2374 opusculum
554 2347 616 2375 per
649 2347 772 2368 manus
807 2337 1025 2376 grammatici
1056 2338 1140 2368 item
1178 2338 1349 2377 anonymi,
1379 2340 1438 2377 qui
1471 2340 1535 2369 sub
1566 2339 1740 2369 Hadriano
1764 2339 1857 2374 vixit,
1882 2339 1925 2368 ad
1948 2347 2010 2368 nos

179 2389 347 2426 pervenit,
378 2389 439 2419 sed
471 2391 574 2420 etiam
607 2391 795 2421 Plutarcho
827 2392 911 2421 Mor.
946 2393 1020 2427 153,
1053 2391 1153 2429 6747Λ
1179 2395 1213 2422 et
1236 2393 1337 2422 Dioni
1362 2393 1513 2422 Prusaeo
1539 2393 1573 2422 11
1596 2394 1634 2422 11
1662 2393 1728 2422 fuit
1759 2393 1948 2430 cognitum,
1977 2394 2011 2421 et

177 2441 309 2478 aliquot
332 2442 485 2471 saeculis
508 2444 734 2473 vetustiorem
761 2444 849 2473 hanc
875 2444 1040 2474 fabellam
1066 2445 1172 2474 fuisse
1192 2448 1341 2474 testatur
1360 2444 1486 2474 lacinia
1506 2454 1701 2483 papyracea
1717 2441 2010 2474 111¹anteCh1-.n.

177 2493 320 2529 saeculi,
356 2503 445 2532 quae
481 2504 569 2525 anno
603 2497 684 2525 1891
724 2505 740 2525 a
773 2497 845 2525 viro
877 2497 909 2526 d.
938 2495 1096 2526 Flinders
1123 2496 1236 2527 Petrie
1259 2500 1313 2528 est
1336 2500 1491 2536 reperta;
1517 2498 1614 2527 nasci
1638 2501 1752 2527 autem
1781 2497 1824 2526 ab
1848 2497 1907 2526 illo
1930 2496 2010 2526 inde

175 2547 332 2584 tempore
365 2546 478 2584 potuit
510 2557 578 2585 quo
603 2549 743 2578 fuerunt
767 2548 825 2585 qui
851 2548 1043 2579 Hesiodum
1071 2551 1212 2580 Homeri
1239 2551 1423 2588 aequalem
1448 2551 1558 2580 fuisse
1582 2550 1843 2584 arbitrarentur,
1867 2548 1946 2579 inde
1967 2549 2009 2578 ab

176 2599 346 2629 Herodoti
367 2600 472 2638 igitur
498 2604 612 2631 aetate
638 2601 687 2638 (11
713 2601 770 2639 53)
795 2602 846 2631 vel
874 2603 977 2631 etiam
1004 2603 1112 2638 uiue.
1136 2604 1298 2633 Fortasse
1328 2603 1474 2633 debetur
1497 2601 1721 2633 Alcidamantz'
1737 2600 1885 2640 Gorgiae
1909 2601 2010 2631 disci-

177 2652 260 2690 pulo
292 2669 334 2673 —
370 2651 456 2682 mira
489 2655 576 2683 haec
611 2652 790 2683 nominum
828 2656 1076 2693 synemptosis!
1110 2673 1147 2676 —
1181 2657 1241 2693 qui
1272 2657 1306 2685 in
1331 2657 1526 2686 Certamine
1553 2656 1685 2685 vs.240
1709 2657 2010 2684 commemoratur.

175 2702 420 2742 Aristophanis
446 2710 559 2735 autem
584 2707 699 2736 Ranae
725 2707 842 2736 fabula
866 2708 972 2737 habet
997 2709 1105 2737 multa
1129 2709 1221 2738 unde
1247 2709 1419 2739 efficiatur
1442 2709 1522 2738 huic
1546 2709 1676 2738 comico
1700 2707 1877 2746 cognitum
1902 2707 2009 2736 fuisse

178 2760 359 2793 poetarum
385 2759 561 2797 epicorum
590 2759 677 2789 illud
703 2762 889 2789 certamen.
915 2759 966 2790 Cf.
992 2760 1029 2790 A.
1056 2759 1171 2790 Rzach
1191 2762 1295 2791 Wi‘n.
1320 2762 1417 2792 Stud.
1444 2764 1541 2797 1892,
1569 2763 1630 2791 139
1655 2770 1744 2799 squ„
1769 2761 1804 2790 F.
1827 2760 2010 2790 Nietzeche

177 2809 298 2838 Rhein.
333 2811 420 2840 Mus.
457 2811 545 2841 XXV
582 2813 645 2841 536
682 2821 772 2849 sqq„
797 2812 942 2842 XXVIII
968 2815 1030 2843 211
1057 2822 1133 2851 sqq.
1271 2824 1288 2844 c
1311 2815 1432 2853 Ipsum
1456 2814 1579 2844 Iliadis
1607 2817 1745 2852 poetam
1768 2812 1803 2842 in
1829 2811 2010 2843 Thessalia

178 2860 307 2891 vixisse
338 2864 464 2892 sumsit
486 2865 569 2894 Vico
605 2867 744 2894 saeculo
775 2866 922 2902 XV1110;
966 2867 1105 2895 saeculo
1135 2868 1294 2904 sequenti
1326 2867 1419 2897 idem
1444 2869 1644 2897 statuerunt
1667 2866 1836 2905 philologi
1856 2866 2013 2895 Britanni

180 2913 330 2949 Geddes,
361 2916 492 2953 Monro,
523 2917 625 2947 Jebb.
805 2917 826 2947 d
849 2918 1039 2955 odysseam
1072 2919 1119 2948 ibi
1151 2922 1266 2949 natam
1299 2928 1375 2949 esse
1409 2920 1668 2949 arbitrabantur
1693 2919 1752 2956 qui
1776 2918 1931 2948 Ithacam
1957 2917 2011 2947 vel

176 2967 299 3004 Pylum
326 2970 483 2998 fecerunt
515 2971 656 3000 Homeri
687 2971 848 3009 patriam,
879 2980 957 3009 pag.
989 2971 1049 3009 3f,
1087 2975 1122 3001 et
1157 2973 1232 3010 ipse
1269 2972 1392 3011 Apollo
1427 2973 1574 3008 Pythius
1603 2971 1777 3001 Hadriano
1807 2971 2010 3009 imperatori

179 3020 364 3049 affirmavit
393 3021 613 3052 Ithaceneem
642 3023 831 3053 Homerum
865 3022 985 3060 fuisse,
1014 3033 1031 3053 a
1065 3024 1270 3054 Telemacho
1303 3034 1341 3054 ex
1375 3024 1541 3063 Epicaste
1572 3024 1727 3054 Nestoris
1757 3024 1828 3053 filia
1853 3024 2008 3061 genitum

175 3072 290 3102 (Hom.
314 3076 348 3102 et
371 3074 451 3103 Hes.
476 3073 652 3115 Certam.).
679 3076 705 3105 E
731 3077 984 3106 recentioribus
1009 3078 1178 3107 nominati
1203 3080 1305 3107 sunto
1332 3078 1414 3107 Vico
1438 3081 1472 3107 et
1498 3077 1535 3107 O.
1559 3076 1676 3106 Seeck.
