2234 3443
145 188 168 234 ἓ
202 187 450 233 140-142]
681 198 736 226 nn
768 197 1128 227 cONFoRMA'rIONE
1160 197 1437 225 PRAESENTIS.
1880 189 1966 227 273

143 310 359 357 πτωσκάζω
372 319 405 360 a,
451 312 494 350 et
537 312 860 360 reduplicatione
905 312 1032 360 stirpi
1077 308 1339 360 praemissab
1363 323 1371 350 :
1421 309 1622 361 ἀραρίσκω
1635 318 1664 361 0,
1703 309 1919 360 ἀπαφίσκω
1933 308 1968 361 d,

141 377 321 429 βιβάσκω
335 385 364 427 ⁶,
387 378 609 430 γιγνώισκω
623 377 653 427 f,
678 378 816 428 ἴσκωθ,
842 379 1057 428 κικλήισκω
1070 376 1103 429 ἦ,
1128 380 1354 429 μιμνῆισκω
1370 376 1395 427 i,
1420 375 1923 429 ntmoefioumjflttfionoum
1937 376 1969 429 l‘,

143 445 318 484 διδάσκω
333 442 357 494 ²,
386 446 562 498 fsft'ffnoe
577 454 618 495 Μ,
651 446 911 498 δεὸρίσκομαι
924 455 954 483 ⁷2.

261 513 402 552 Etiam
435 511 565 560 ἀέξωο
597 515 640 553 et
672 512 829 560 ἀλέξωι)
861 514 992 552 huius
1025 515 1130 553 sunt
1160 514 1337 553 ordinis.
1365 513 1599 552 Praeterea
1626 513 1837 552 accedunt
1859 512 1968 551 mul·

142 582 286 620 torum
318 581 551 620 verborum
584 582 750 620 formae
777 581 987 620 iterativae
1013 591 1122 629 quae
1150 581 1293 620 solent
1320 580 1416 630 dici,
1445 580 1496 619 ab
1514 581 1776 619 inchoativis
1793 580 1968 619 nomine

143 648 287 696 magis
319 657 450 696 quam
482 658 528 686 re
559 648 774 687 discretae
788 655 820 687 q.

261 778 290 831 ἓ
338 780 434 826 141.
482 782 597 821 Sono
644 797 657 820 ι
702 782 746 821 in
794 782 981 821 dictione
1023 782 1144 831 epioa
1184 792 1393 830 praesens
1434 791 1519 821 non
1552 781 1694 820 solum
1728 781 1967 820 multorum

143 848 390 898 verborum,
424 859 609 896 quorum
644 849 779 898 stirps
806 850 849 887 in
878 851 1042 888 mutam
1068 849 1139 888 vel
1165 850 1209 887 in
1236 849 1442 898 liquidam
1468 849 1641 896 desinit,
1660 849 1728 886 est
1746 850 1923 887 auctum
1937 856 1967 896 r,

143 917 192 954 ut
232 919 396 965 postea,
440 917 517 956 sed
559 917 695 955 etiam
733 915 965 955 verborum
999 927 1182 964 quorum
1216 917 1350 965 stirps
1381 916 1541 955 desinit
1571 916 1615 954 in
1648 925 1806 954 sonum
1840 931 1865 954 v
1896 916 1967 955 vel

140 983 184 1022 in
212 993 370 1023 sonum
402 991 469 1032 σθ,
503 994 571 1022 ex.
605 995 667 1032 gr.
699 983 798 1022 καίω
831 984 987 1031 (καυΐω,
1017 979 1198 1036 unificant,
1229 983 1352 1022 πνείω
1382 983 1563 1031 (πνευΐω,
1593 982 1806 1035 πνέΗωΗ,
1836 984 1965 1022 τελείω

141 1050 326 1099 (τελεσίω,
354 1050 572 1101 τελέσλωμ.

257 1182 286 1238 ξ
320 1184 416 1226 142.
445 1186 558 1225 Sono
585 1189 616 1223 θ
642 1187 736 1225 sive
763 1186 897 1234 stirpe
925 1185 1046 1224 verbi
1072 1184 1266 1223 τιθέναιψ
1291 1186 1334 1224 in
1354 1187 1622 1225 carminibus
1638 1187 1770 1235 epicis
1787 1189 1964 1226 auctum

141 1256 210 1293 est
240 1263 449 1302 praesens
482 1253 710 1292 verborum
746 1254 1045 1301 sequentium:

295 1323 331 1359 1.
365 1315 458 1373 (ἐδ)
490 1319 632 1358 ἕσθωτ
663 1321 756 1360 sive
787 1318 925 1368 ἐσθίω,
957 1320 1142 1369 amplior
1173 1320 1315 1359 forma
1346 1321 1467 1360 verbi
1499 1320 1573 1359 ἔδω
1588 1329 1624 1359 v.

291 1388 330 1426 2.
364 1383 468 1439 (βα)
502 1387 757 1438 βιβάσθωνῖ,
788 1388 919 1426 verbo
951 1387 1077 1437 βαίνω
1110 1389 1295 1436 cognata
1325 1388 1512 1427 formaa.

292 1456 334 1494 3.
365 1452 481 1507 (τελ)
513 1453 673 1505 τελέθω,
703 1456 834 1494 verbo
867 1454 1034 1504 κέλομαι
1066 1458 1300 1503 cognatum
1318 1453 1353 1494 b.

291 1525 331 1561 4.
365 1519 468 1575 (ἀχ)
501 1520 691 1573 ἄχθομαι,
722 1523 853 1562 verbo
885 1521 1028 1573 ἄχομαι
1064 1523 1158 1562 Sive
1190 1521 1363 1573 ἄχνυμαι
1396 1526 1629 1572 cognatum
1646 1529 1676 1563 ⁰.

291 1593 329 1629 5.
365 1586 521 1643 (φλεγ)
554 1588 738 1639 φλεγέθω
771 1591 865 1629 sive
896 1589 1038 1640 φλέγω.

292 1659 333 1698 6.
366 1654 506 1710 (θ-αλ)
538 1655 704 1696 θαλέθω
736 1658 830 1696 sive
862 1658 1045 1696 τκλεθάω
1059 1655 1094 1706 d,
1124 1654 1266 1696 forma
1303 1659 1471 1697 auctior
1503 1658 1623 1697 verbi
1654 1657 1789 1695 θκλέω
1804 1665 1835 1697 θ.

288 1726 326 1764 ’7.
361 1721 486 1777 (νεμ)
520 1723 706 1773 νεμὲθωῖ
735 1726 830 1764 Sive
862 1724 978 1775 νέμω.

292 1793 330 1832 8.
365 1788 457 1845 (ὀρ)
490 1787 693 1842 ὀροθῢνω,
722 1793 866 1832 verbis
899 1791 1043 1843 ὅρυῦμι
1074 1794 1118 1832 et
1148 1790 1267 1842 ὀρίνω
1300 1795 1536 1841 cognatum
1552 1799 1585 1832 g.

292 1862 331 1899 9.
365 1856 522 1914 (ἀγερ)
555 1857 813 1911 ἠγερέθομαι,
842 1871 867 1900 a
898 1861 1029 1900 verbo
1060 1859 1202 1911 ἀγείρω
1217 1859 1251 1900 h.

265 1929 331 1968 10.
365 1925 490 1981 (ἀερ)
523 1925 754 1978 ἠερέθομαι,
788 1939 813 1968 a
844 1930 975 1968 verbo
1006 1925 1157 1977 ἀείρωί.

263 1995 424 2034 Eadem
466 1996 634 2035 ratione
676 2006 701 2034 a
732 1996 868 2044 stirpe
899 1996 1041 2049 moe(f)i
1071 1996 1251 2035 ductum
1285 1999 1353 2035 est
1384 1996 1661 2045 participium
1694 1993 1864 2044 φαέθων
1877 1993 1911 2044 k,
1942 2005 1968 2033 a

143 2063 278 2112 stirpe
310 2062 325 2100 ί
369 2065 516 2102 autem
549 2058 752 2108 ἰθΰ(ν)ω].
786 2064 929 2102 Etiam
963 2061 1180 2111 Ἀρέθουσα
1212 2064 1346 2102 fontis
1377 2069 1582 2102 nomenm
1611 2063 1674 2101 sic
1699 2064 1852 2101 natum
1870 2072 1967 2101 esse

144 2130 327 2180 videtur,
361 2131 593 2170 cohaerere
624 2131 737 2170 enirn
772 2141 871 2170 cum
905 2131 1050 2170 verbis
1082 2130 1220 2180 ἄρδειν
1251 2133 1295 2170 et
1325 2130 1476 2181 ῥαίνειν
1491 2137 1525 2180 11,
1554 2140 1633 2169 nec
1665 2140 1750 2169 non
1783 2129 1965 2168 verbum

145 2195 272 2245 ἐρέθω
304 2198 398 2236 sive
429 2196 606 2248 ἐρεθίζω,
637 2208 659 2237 6
693 2199 916 2237 communi
948 2199 1066 2237 enim
1100 2208 1198 2237 cum
1231 2199 1364 2237 verbo
1391 2197 1501 2248 ἐρίζω
1529 2198 1664 2246 stirpe
1681 2197 1966 2246 procrevisse.

266 2265 406 2313 Stirps
428 2268 540 2314 φθιο
572 2265 680 2303 abiit
706 2265 749 2303 in
776 2266 976 2313 φθι-νύω,
1003 2264 1166 2317 φθίνμω
1193 2266 1287 2304 sive
1316 2262 1467 2313 φθίνω,
1493 2265 1590 2304 dein
1619 2265 1662 2303 in
1680 2264 1916 2313 φθι-νύ-θω
1930 2271 1966 2303 P.

147 2331 313 2370 Similis
353 2332 437 2371 fuit
478 2331 617 2380 figura
659 2333 778 2372 verbi
809 2333 970 2381 μινύθω
986 2340 1020 2371 q.
1054 2333 1286 2372 Praeterea
1318 2334 1388 2371 hic
1420 2332 1808 2371 commemoranda
1840 2332 1966 2370 sunt:

236 2523 256 2542 a
290 2512 308 2550 ἓ
333 2508 424 2541 2382.
624 2511 640 2541 b
675 2511 694 2550 ξ
721 2513 784 2542 138
810 2521 860 2550 sq.
1063 2522 1079 2541 c
1105 2511 1124 2550 ξ
1152 2512 1227 2542 285.
1428 2510 1451 2540 d
1476 2512 1492 2547 ἕ
1522 2508 1611 2540 1389.
1813 2519 1829 2539 e
1852 2510 1867 2545 S
1893 2510 1968 2539 202.

281 2565 338 2602 βξ
366 2561 473 2596 15029.
603 2575 625 2604 ρ
650 2564 669 2603 ξ,
694 2565 770 2595 246.
905 2564 924 2594 Ιι
949 2564 968 2603 ξ
994 2565 1069 2594 266.
1203 2564 1216 2593 2·
1239 2563 1258 2602 ξ
1284 2564 1360 2594 204.
1493 2562 1515 2602 j
1538 2562 1556 2601 ξ
1583 2564 1658 2593 280.
1796 2561 1816 2591 k
1840 2560 1968 2600 §236÷÷.

282 2617 295 2647 l
316 2618 343 2648 E
366 2618 547 2651 διδάκ-σκω,
571 2617 590 2655 ξ
614 2618 690 2647 203.
835 2627 862 2647 m
887 2617 906 2655 ξ
933 2618 995 2647 139
1021 2620 1055 2646 et
1079 2616 1173 2646 2422.
1316 2626 1335 2646 n
1363 2614 1445 2654 Pag.
1471 2616 1535 2645 272
1548 2624 1580 2653 g.
1726 2624 1744 2645 o
1772 2615 1788 2651 ξ
1813 2613 1904 2650 288¹,
1928 2623 1969 2644 ex

146 2670 351 2709 &(f)iy-axm.
497 2680 520 2710 p
545 2670 561 2707 ξ
588 2671 681 2707 288²,
704 2679 744 2699 ex
767 2671 929 2700 ὰλέκ-σκω.
1075 2679 1092 2709 q
1118 2668 1134 2709 ξ
1163 2670 1238 2699 146.
1382 2678 1399 2698 ν
1422 2668 1537 2698 Facile
1561 2668 1760 2706 agnoscitur
1782 2667 1911 2696 vocalis
1934 2667 1968 2695 in

148 2723 254 2753 verbo
289 2726 389 2753 ἐσθίω
424 2723 442 2760 ξ,
474 2724 551 2759 307,
579 2723 637 2752 nbi
669 2724 799 2752 intacta
822 2723 949 2752 mansit
972 2725 1115 2761 propter
1136 2722 1282 2751 duarum
1307 2730 1537 2751 consonarum
1563 2724 1608 2750 σθ
1635 2718 1690 2760 (ex
1715 2717 1775 2759 69)
1798 2719 1968 2748 viciniam.

283 2786 299 2806 s
321 2775 341 2814 ἓ
366 2777 429 2806 173
454 2784 530 2813 sqq.
555 2778 588 2805 et
612 2776 686 2805 286.
813 2777 825 2804 t
848 2774 867 2813 ξ
894 2776 970 2804 177.
1081 2785 1101 2805 u
1127 2775 1143 2811 ξ
1171 2775 1245 2804 186.
1358 2783 1376 2803 v
1399 2774 1417 2812 ξ
1444 2771 1535 2803 286⁹.
1646 2783 1673 2802 w
1703 2771 1780 2802 Tun.
1804 2770 1893 2806 doen,
1918 2770 1968 2800 do.

148 2828 189 2858 In
223 2829 367 2867 Anglica
397 2829 603 2866 praesertim
640 2827 757 2865 lingua
793 2829 850 2864 qui
885 2828 989 2857 huius
1019 2827 1115 2857 verbi
1147 2827 1186 2856 fit
1209 2835 1293 2857 usus
1314 2827 1384 2856 huc
1409 2824 1572 2865 pertinet.
1740 2834 1762 2854 ,τ
1784 2824 1836 2854 Ex
1859 2824 1969 2853 ἕδ-θω.

283 2880 308 2920 ζ’]
331 2880 350 2919 ξ
377 2881 453 2911 307.
631 2890 648 2910 z
671 2880 721 2910 Ex
743 2880 963 2920 βι-βά-δ-θων.
1143 2889 1161 2909 a
1185 2879 1205 2918 ἓ
1230 2880 1305 2909 202.
1488 2880 1505 2906 b
1532 2877 1551 2916 ἓ
1576 2877 1652 2907 275.
1810 2884 1827 2905 0
1849 2876 1865 2913 ξ
1893 2877 1969 2906 240.

283 2933 304 2962 d
329 2946 342 2962 2
367 2934 419 2968 ¹73,
442 2935 510 2963 Att.
535 2935 651 2962 θάλιω.
786 2941 803 2962 e
829 2931 848 2970 g
877 2929 981 2962 15859.
1151 2932 1167 2961 f
1188 2934 1216 2961 A
1242 2932 1317 2961 635.
1453 2939 1474 2968 g
1499 2929 1517 2968 g
1543 2931 1618 2959 284.
1752 2928 1776 2957 h
1799 2927 1818 2966 ξ
1847 2928 1911 2957 255
1936 2930 1971 2958 et

150 2984 193 3015 de
215 2986 325 3024 prima
349 2985 482 3023 syllaba
508 2985 527 3024 ξ
553 2986 606 3015 21.
830 2985 841 3013 i
864 2984 883 3022 ἕ
904 2984 969 3014 256
994 2985 1028 3013 et
1052 2984 1094 3013 de
1119 2984 1230 3023 prima
1254 2983 1386 3021 syllaba
1410 2984 1427 3020 ς
1453 2984 1506 3012 21.
1728 2981 1740 3018 j
1766 2981 1838 3018 Pag
1864 2981 1925 3010 177
1941 2989 1969 3010 a.

283 3037 304 3067 k
328 3037 346 3075 ,Ε
374 3036 452 3068 1515
476 3040 510 3067 et
536 3038 612 3067 280.
747 3037 757 3066 l
782 3035 801 3074 ξ
831 3037 894 3067 162
921 3038 955 3066 et
974 3037 1050 3066 308.
1207 3045 1240 3066 m
1265 3048 1281 3064 ν
1305 3036 1380 3065 408.
1405 3035 1449 3064 Et
1472 3034 1618 3064 aliorum
1642 3033 1790 3063 fontium
1815 3033 1881 3062 hoc
1906 3031 1971 3062 fuit

153 3097 287 3119 nomen.
443 3100 465 3119 n
489 3089 508 3128 s
533 3091 586 3125 39,
611 3088 702 3125 211²,
726 3089 802 3119 221.
960 3096 980 3117 o
1003 3088 1022 3126 ξ
1048 3089 1122 3118 166.
1267 3096 1289 3126 p
1313 3088 1422 3117 Iterat
1455 3088 1668 3126 ιφθινύθεσκε
1692 3085 1727 3114 Α
1751 3087 1826 3121 491,
1851 3085 1870 3123 ξ
1897 3087 1969 3116 146.

286 3150 306 3179 q
335 3145 359 3171 Ο
382 3143 446 3172 492
473 3143 532 3179 al.;
559 3142 616 3171 lat.
641 3141 759 3171 minuo.
1430 3174 1436 3180 ,

223 3198 298 3227 Van
317 3198 489 3227 Leeuwen.
507 3198 746 3227 Enchiridium.
1829 3195 1865 3222 18
