2234 3443
234 119 259 158 8
1013 126 1269 156 PRAEFATIO.

232 241 417 281 Menelai
462 240 628 280 clamor
668 240 850 280 bellicus
890 240 1139 280 Helenaeve
1180 241 1302 289 origo
1353 241 1406 279 ad
1447 250 1540 280 rem
1589 251 1676 281 non
1728 242 1892 282 faceret
1904 251 1936 282 a.
1986 242 2052 282 Ibi

232 318 404 356 quoque
428 308 560 357 prisci
586 307 704 346 illius
731 308 827 347 aevi
847 308 1034 355 vestigia
1059 308 1442 356 deprehenduntur
1466 308 1541 347 ubi
1567 309 1793 348 Homerus
1809 310 2051 359 gigantem,

231 375 391 425 locum,
419 385 562 423 avem,
591 384 767 414 amnem
794 375 908 413 binis
933 374 1186 413 nominibus
1206 375 1422 423 designat,
1442 385 1630 423 quorum
1649 376 1838 416 alterum
1856 377 2052 426 deorum,

232 442 420 481 alterum
461 442 690 480 hominum
725 442 902 490 linguae
939 442 1003 480 ait
1032 442 1254 490 proprium
1285 452 1383 481 esse
1396 441 1426 481 b.
1469 443 1614 482 Etiam
1651 444 1831 483 nomina
1861 443 2051 492 duplicia

233 510 542 549 Scamandrius
567 510 663 548 sive
689 510 935 558 Astyanax,
963 509 1085 548 Paris
1102 509 1196 548 sive
1213 509 1476 559 Alexander,
1494 509 1692 558 Alcyone
1710 511 1805 550 sive
1822 510 2053 559 Cleopatra

233 577 334 615 hinc
365 578 470 615 sunt
499 577 749 625 repetenda.
777 576 888 614 Nam
915 576 1095 615 deorum
1121 577 1217 615 sive
1244 577 1467 616 Musarum
1497 577 1648 624 lingua
1674 581 1742 616 est
1768 587 1819 616 ea
1846 587 1931 625 qua
1956 578 2050 626 ipse

232 645 387 683 vates⁶
432 645 475 682 et
517 644 612 683 eius
659 643 864 691 aequales
911 645 1016 682 sunt
1062 642 1185 691 usid;
1232 653 1343 692 quae
1386 654 1490 683 vero
1533 653 1588 683 ex
1630 644 1860 683 hominum
1901 645 2053 693 lingua

233 711 448 749 eiusmodi
488 710 596 749 locis
639 711 882 749 afferuntur
923 711 1117 759 nomina,
1158 713 1302 750 aetate
1343 714 1497 760 poetae
1539 711 1736 750 obsoleta
1779 713 1905 750 erant
1945 714 1989 750 et
2029 721 2052 750 e

233 777 500 816 carminibus
529 778 624 826 ipso
657 778 975 817 vetustioribus
1007 780 1112 817 sunt
1143 779 1315 818 ductae.

351 910 383 948 E
420 912 608 951 materie
649 922 724 961 per
766 913 908 952 multa
947 913 1124 953 saecula
1164 914 1227 952 sic
1268 915 1530 953 coacervata
1573 916 1617 954 et
1659 913 1884 953 elaborata
1925 915 2052 952 vates

234 977 409 1025 quidam
456 980 670 1029 egregius,
714 981 783 1019 cui
822 980 1006 1020 Homero
1046 981 1140 1020 sive
1175 977 1350 1020 Obsidif
1374 991 1536 1021 nomen
1569 982 1705 1021 fuisse
1737 982 1888 1031 fertur,
1923 1002 1975 1009 —
2010 982 2055 1019 et

233 1045 385 1093 quidni
425 1046 576 1086 fuerit!
620 1070 672 1075 ——
716 1049 934 1088 desumsit
975 1051 1287 1097 argumentum
1327 1048 1519 1088 Iliadisy.
1564 1050 1654 1099 Quo
1697 1049 1889 1089 carmine
1930 1048 2053 1087 Iram

234 1111 405 1152 Achillis
436 1114 673 1154 celebravit
705 1118 747 1155 et
779 1116 1100 1155 celebraturum
1133 1127 1181 1155 se
1211 1116 1369 1165 primis
1403 1116 1549 1156 verbis
1581 1117 1705 1156 dixit.

354 1180 530 1220 Similes
583 1182 782 1232 Odysseae
825 1184 947 1222 fuere
993 1183 1181 1222 natales,
1229 1182 1349 1232 Quod
1395 1194 1499 1232 epos
1547 1184 1682 1223 Iliade
1723 1184 1945 1231 aliquanto
1987 1183 2056 1221 est

235 1249 454 1287 recentius
495 1251 539 1288 et
579 1251 630 1289 ab
670 1251 753 1290 alio
784 1251 974 1290 fortasse
1005 1252 1133 1300 poeta
1164 1251 1470 1299 compositum.
1504 1252 1827 1300 Argumentum
1859 1250 2057 1300 praebuit

242 1313 372 1353 Ulixis
390 1318 484 1363 post
515 1315 684 1356 Troiam
709 1318 899 1356 dirutam
925 1319 981 1356 ad
1005 1328 1180 1356 uxorem
1205 1318 1374 1357 reditus.
1393 1318 1473 1357 Est
1487 1319 1621 1366 igitur
1639 1329 1693 1358 ex
1711 1319 1786 1358 illo
1804 1318 2052 1358 carminum

235 1391 403 1431 genere,
446 1384 559 1431 quod
600 1385 643 1423 in
683 1386 780 1434 ipsa
822 1386 1018 1434 Odyssea
1058 1385 1118 1424 ibi
1150 1387 1525 1425 commemoratur
1556 1386 1631 1424 ubi
1663 1387 1870 1425 Phemius
1904 1387 2057 1425 cantor

324 1563 343 1582 a
371 1552 492 1584 Celeres
521 1555 666 1586 Achillis
682 1557 781 1597 pedes
811 1559 961 1595 primum
992 1558 1154 1589 videntur
1175 1567 1251 1588 esse
1276 1557 1409 1588 laudati
1432 1559 1467 1588 in
1491 1558 1609 1588 fabula
1634 1567 1723 1597 quae
1748 1558 1814 1587 fuit
1838 1558 1880 1587 de
1904 1557 2053 1587 Hectore

237 1604 389 1643 effugere
424 1616 500 1637 eum
536 1609 666 1639 frustra
701 1612 834 1646 conato,
865 1619 933 1648 qua
963 1610 1082 1640 fabula
1119 1611 1223 1641 etiam
1257 1613 1360 1649 poeta
1392 1609 1515 1641 Iliadis
1548 1613 1601 1641 est
1631 1620 1716 1640 usus
1739 1613 1775 1640 X
1797 1611 1872 1645 138,
1894 1611 1968 1644 188,
1992 1608 2055 1642 al.;

235 1660 466 1698 eqmynatorz's
488 1663 627 1692 nornine
650 1662 769 1694 Ulixes
792 1664 822 1692 si
849 1665 992 1701 propter
1011 1664 1147 1693 Troiam
1169 1666 1305 1701 captam
1327 1665 1380 1693 est
1398 1666 1550 1699 ornatus,
1569 1664 1604 1692 in
1625 1663 1827 1693 enarrandis
1847 1662 1952 1692 rebus
1967 1669 2054 1699 quae

235 1709 334 1740 urbis
367 1713 536 1743 excidium
575 1718 838 1746 antecesserunt
874 1719 916 1753 (Β
948 1717 1012 1746 278
1048 1718 1080 1746 K
1103 1714 1182 1755 363)
1213 1716 1300 1746 illud
1331 1725 1457 1746 nomen
1480 1717 1644 1754 usurpari
1673 1726 1741 1747 non
1763 1716 1878 1755 potuit
1900 1713 1968 1744 nisi
1995 1713 2055 1743 diu

234 1766 419 1802 postquam
440 1766 579 1797 fabulae
603 1769 646 1798 ad
669 1769 801 1798 bellum
827 1770 1012 1799 Tmianum
1037 1771 1235 1807 spectantes
1256 1770 1366 1799 excoli
1384 1771 1465 1799 sunt
1485 1774 1641 1808 coeptae.
1776 1768 1791 1798 b
1817 1770 1850 1798 A
1864 1768 1926 1797 403
1949 1769 1975 1796 B
1989 1766 2054 1795 813

237 1817 273 1846 Ξ
294 1817 355 1847 291
394 1822 423 1847 1⁷
445 1820 496 1849 74.
631 1831 647 1851 c
671 1825 754 1851 θεῶν
778 1820 808 1856 ἒξ
832 1822 953 1852 δεδαώσ
983 1823 1016 1863 (ρ
1042 1823 1122 1859 518)
1147 1826 1251 1861 poeta
1282 1824 1436 1853 carmina
1469 1823 1573 1858 fudit;
1604 1823 1689 1852 deus
1714 1820 1746 1852 ei
1769 1824 1800 1851 ἐν
1825 1821 1935 1862 φρεσὶν
1959 1820 2054 1854 οἴμασ

235 1873 392 1899 παντοίασ
415 1872 552 1910 ἐνέφυσε,
576 1885 598 1911 χ
624 1874 699 1903 347.
834 1873 858 1904 d
877 1875 952 1904 Alio
977 1873 1124 1904 consilio
1148 1875 1267 1913 lingua
1293 1876 1457 1905 caelitum
1483 1877 1751 1905 commemorata
1775 1877 1829 1903 est
1851 1885 1869 1903 κ
1894 1873 1970 1907 305,
1994 1868 2055 1900 ubi

235 1924 320 1957 μῶλυ
351 1931 475 1953 nomen
506 1924 634 1955 herbae
664 1927 863 1956 hominibus
892 1928 1031 1965 ignotae
1062 1928 1142 1957 inde
1167 1928 1310 1958 ductum
1338 1937 1413 1958 esse
1437 1926 1576 1967 dicitur,
1601 1931 1635 1958 et
1657 1941 1679 1965 μ
1706 1930 1760 1964 61,
1783 1927 1843 1957 ubi
1867 1935 1948 1955 saxa
1970 1922 2055 1954 solis

236 1975 444 2012 Argonautis
464 1980 498 2006 et
516 1977 608 2008 Ulixi
631 1980 795 2018 adspecta
819 1989 887 2018 quo
910 1981 1046 2010 nomine
1071 1990 1089 2009 a
1113 1980 1167 2010 dis
1190 1981 1417 2019 designentur
1439 1984 1542 2019 poeta
1565 1981 1666 2010 docet
1689 1980 1882 2015 audientes,
1905 1987 1923 2007 a
1947 1977 2056 2006 Musis

237 2028 381 2059 edoctus
403 2030 490 2069 ipse.
515 2032 600 2062 Nam
624 2033 752 2062 herbae
776 2033 863 2062 nulli
882 2032 976 2063 visae
1000 2034 1052 2063 vel
1077 2043 1237 2064 saxorum
1262 2034 1470 2064 mortalibus
1497 2032 1696 2071 ignotorum
1728 2041 1853 2062 nomen
1877 2032 1912 2060 in
1936 2031 2054 2067 lingua

234 2082 410 2112 hominum
447 2093 523 2114 esse
557 2086 692 2115 nullum
726 2086 852 2124 potuit.
986 2095 1002 2115 e
1025 2085 1248 2116 Homericum
1284 2087 1350 2116 hoc
1385 2095 1493 2124 genus
1529 2085 1668 2115 dicendi
1703 2083 1828 2114 festiva
1862 2081 2055 2113 imitatione

236 2134 407 2172 expressit
437 2136 597 2167 c-atinus
634 2138 787 2169 comicus
819 2140 859 2169 fr.
888 2140 972 2179 315;
1004 2140 1216 2169 Philoxenus
1249 2149 1331 2170 vero
1359 2138 1396 2169 in
1419 2138 1582 2169 Convivio
1607 2139 1688 2169 dum
1712 2139 1900 2168 Homerum
1924 2133 2055 2165 imitari

237 2190 392 2225 conatur,
427 2190 605 2227 vulgarem
641 2192 812 2229 quandam
847 2201 965 2221 vocem
999 2193 1139 2230 linguae
1168 2193 1359 2229 hominum,
1391 2201 1503 2222 raram
1537 2195 1641 2230 atque
1674 2191 1880 2228 exquisitam
1914 2189 2054 2226 linguae

236 2241 378 2270 caelesti
408 2242 531 2272 tribuit
561 2253 756 2283 perperam,
777 2246 817 2274 fr.
844 2247 873 2274 3.
898 2245 1017 2282 Neque
1043 2246 1108 2275 Dio
1134 2245 1399 2283 chrysostomus
1422 2246 1473 2274 rei
1497 2246 1666 2274 rationem
1690 2244 1880 2283 perspexit,
1905 2241 1965 2279 qui
1989 2240 2053 2270 315

236 2294 422 2324 Homerum
457 2304 474 2324 e
504 2297 622 2334 lingua
655 2298 797 2327 deorum
826 2297 995 2328 vocabula
1026 2297 1192 2327 nonnulla
1222 2307 1261 2327 eo
1293 2298 1437 2328 consilio
1469 2298 1628 2327 attulisse
1664 2295 1851 2332 contendit,
1885 2296 1923 2324 ut
1957 2293 2053 2323 illam

235 2344 390 2383 linguam
416 2347 540 2378 callere
565 2358 601 2378 se
624 2350 787 2387 probaret
811 2349 1038 2385 auditoribus,
1066 2349 1185 2380 divina
1208 2351 1313 2388 igitur
1337 2349 1480 2380 consilia
1505 2351 1643 2388 cognita
1673 2349 1801 2379 habere
1825 2357 1862 2377 se
1885 2345 2053 2386 potuisse.

235 2400 332 2436 Quod
352 2400 494 2438 probari
513 2403 654 2433 minime
676 2404 742 2433 fuit
761 2405 1013 2439 necessarium;
1034 2413 1114 2434 nam
1135 2403 1264 2434 Graece
1276 2412 1464 2440 numquam
1478 2403 1663 2433 nonlocuti
1676 2405 1757 2432 sunt
1768 2401 1802 2430 di
1820 2401 2049 2431 Graecorum:

242 2451 381 2483 Triballi
408 2454 459 2483 illi
492 2463 616 2485 scenae
645 2457 796 2486 comicae
828 2457 972 2487 caelites
996 2466 1098 2487 sonos
1121 2456 1261 2495 linguae
1287 2458 1440 2487 Graecae
1462 2458 1669 2495 ignorarunt
1693 2455 1767 2485 soli.
1903 2452 1926 2490 f
1944 2453 2053 2482 Fuere

237 2506 296 2543 qui
329 2504 458 2536 Caecum
488 2508 797 2545 interpretarentur
826 2510 967 2548 (Ephor.
998 2510 1090 2548 apud
1113 2511 1204 2540 Plut.
1227 2511 1262 2539 in
1286 2509 1365 2541 Vita
1389 2511 1488 2540 Hom.
1514 2511 1531 2539 2
1557 2512 1591 2539 et
1616 2507 1765 2546 scriptor
1789 2505 1881 2536 vitae
1904 2505 2054 2544 pseudo-

236 2558 392 2588 herodot.
420 2559 493 2597 13);
518 2569 622 2597 quam
643 2562 841 2600 opinionem
868 2564 1045 2601 peperisse
1068 2563 1205 2593 videtur
1229 2564 1263 2594 h.
1291 2565 1354 2602 Ap.
1379 2571 1501 2593 versus
1528 2564 1602 2598 172,
1627 2570 1732 2600 supra
1755 2569 1835 2599 pag.
1860 2561 1890 2589 4.
1916 2556 1995 2593 Alii,
2019 2559 2054 2586 et

239 2612 273 2641 hi
297 2610 438 2648 quidem
463 2613 690 2650 perabsurde,
715 2623 791 2644 cum
816 2615 975 2645 viderent
996 2625 1014 2645 a
1037 2615 1207 2655 stirpibus
1234 2617 1345 2655 ὁμ(όσ)
1370 2619 1404 2646 et
1426 2615 1618 2656 ἀρ(αρίιικω)
1642 2615 1785 2644 ductum
1809 2621 1885 2643 esse
1909 2611 2052 2640 verbum

237 2665 391 2704 ὁμηρῆσαι
424 2665 496 2695 sive
529 2666 696 2697 convenire
731 2678 754 2696 n
777 2668 840 2698 468
875 2668 956 2698 Hes.
993 2669 1123 2706 Theog.
1154 2670 1208 2705 39,
1237 2670 1380 2699 nomine
1413 2670 1530 2709 ὁμήρωι
1561 2666 1799 2707 compositorem
1829 2673 1972 2694 versuum
1998 2662 2052 2692 vel

228 2717 420 2757 fabularum
440 2718 628 2749 indicatum
649 2728 725 2749 esse
742 2721 1010 2759 perhibuerunt;
1037 2730 1121 2751 aevo
1140 2724 1255 2751 autem
1269 2722 1433 2752 Wolfiano
1453 2721 1519 2751 fait
1539 2722 1598 2759 qui
1611 2718 1681 2749 sibi
1694 2717 2052 2758 persuadewtpoetam

235 2770 409 2800 carminum
433 2770 623 2802 musivorum
645 2773 696 2802 sic
715 2776 875 2803 vocatum
897 2782 974 2803 esse
998 2776 1141 2812 propter
1163 2772 1353 2804 carminum
1380 2774 1570 2803 alienorum
1594 2774 1788 2811 fragmenta
1804 2770 2053 2801 consarcinata.

237 2823 455 2853 Nostratibus
490 2825 660 2855 Graecum
699 2823 824 2855 obsidis
853 2835 978 2855 nomen
1012 2827 1190 2865 proprium
1228 2823 1288 2866 (cf.
1322 2826 1485 2856 Herodot.
1522 2826 1567 2855 VI
1599 2827 1640 2855 99
1672 2825 1736 2855 VII
1760 2825 1823 2854 222
1847 2823 1929 2852 VIII
1953 2823 1995 2851 94
2019 2822 2052 2850 et

238 2875 368 2914 passim
412 2878 503 2914 apud
546 2878 647 2915 alios)
689 2887 756 2907 non
800 2881 914 2917 potest
947 2881 1058 2916 magis
1092 2877 1278 2909 mirificum
1314 2878 1427 2909 videri
1463 2887 1566 2916 quam
1601 2879 1770 2907 Batavum
1807 2875 1846 2906 de
1881 2874 2051 2914 Gg‘jzelaar.

367 2939 388 2967 9
412 2929 556 2959 Iliadem
591 2931 633 2961 ab
665 2931 742 2969 ipso
778 2935 880 2970 poeta
914 2933 978 2961 hoc
1012 2933 1149 2961 nomine
1184 2941 1261 2962 esse
1291 2934 1447 2962 ornatam
1480 2930 1709 2961 demonstrari
1733 2929 1863 2966 nequit,
1887 2925 2050 2965 quoniam

234 2981 354 3011 Ili-:dis
388 2982 606 3019 Odysseaeve
639 2985 776 3014 nomine
812 2986 871 3022 qui
902 2987 981 3015 ante
1012 2984 1224 3014 Herodotum
1256 2983 1302 3014 sit
1332 2993 1416 3014 usus
1447 2983 1594 3013 indicari
1619 2990 1719 3013 nemo
1742 2983 1808 3011 iam
1834 2983 1965 3019 potest3
1990 2979 2051 3008 sed

237 3037 310 3065 1'ern
331 3034 480 3073 negandi
508 3045 610 3065 causa
635 3040 686 3066 est
710 3037 815 3073 nulla,
838 3046 950 3075 noque
974 3037 1142 3067 ridiculus
1168 3038 1234 3067 fuit
1257 3037 1367 3067 editor
1391 3037 1577 3066 Britannus
1600 3034 1630 3065 is
1655 3035 1714 3073 qui
1734 3033 1866 3064 Γιλιάδα
1885 3034 1918 3062 in
1939 3033 2052 3062 fronte

239 3086 401 3118 carminis
426 3087 548 3118 excudi
572 3087 675 3118 iussit
699 3090 732 3127 (ξ
757 3089 825 3122 40).
