2234 3443
169 192 192 237 9
224 191 294 240 51,
310 190 381 236 52]
463 200 518 228 DE
549 199 763 230 FLEXIONE
794 198 999 227 NOMINUM
1031 196 1381 227 oBsnnvArmNEs
1414 196 1678 231 GENERALES.
1901 189 1982 228 159

167 315 291 354 cuius
337 313 517 363 vulgata
561 313 689 352 lectio
737 314 823 351 est:
869 309 956 350 Θέτι
998 311 1235 359 τανύπεπλε,
1275 312 1318 349 et
1357 311 1401 349 in
1433 311 1514 349 hoc
1545 311 1846 350 hemistichio:
1880 307 1984 350 Αἶαν

162 377 365 430 Ἰδομενεῦ
406 395 444 419 τε
457 389 490 430 α,
529 380 602 419 ubi
644 380 875 428 legendum
909 380 977 418 est
1009 377 1116 416 Αἱάσ
1142 374 1372 427 Ἰδομενεύσ
1402 392 1454 427 τε,
1485 378 1690 425 quoniam
1723 378 1867 417 brevis
1897 379 1980 427 syl-

165 448 265 488 laba
303 462 374 485 -αν
406 448 459 487 ad
490 447 635 487 thesin
669 446 930 495 explendam
964 455 1049 484 non
1076 443 1252 485 sufficit.
1287 445 1396 484 Item
1430 445 1584 494 βοῶπισ
1616 445 1757 483 πότνια
1777 443 1885 495 Ἥρη
1919 448 1985 485 est

165 513 470 563 proferendum
501 523 576 562 pro
604 514 764 552 tradito
792 510 963 563 βοῶπιύ,
984 514 1026 551 et
1053 513 1212 550 vitium
1241 512 1488 559 metricum,
1516 512 1627 559 quod
1652 513 1784 551 estin
1802 513 1984 552 vocibus

167 583 367 631 Σμινθεῦ,
393 579 432 618 εἴ
455 579 549 619 ποτέ
575 595 646 630 τοι,
672 582 816 629 potest
834 580 1050 618 removeri
1068 579 1374 618 substituendo
1392 579 1719 618 nominativum
1736 580 1947 628 Σμινθεύσ
1959 587 1988 617 ⁶.

286 647 423 687 Voces
472 647 561 696 φίλε
606 644 781 686 τέκνονᾶ
825 647 1148 686 constructione
1194 647 1246 684 ad
1293 656 1474 685 sensum
1521 656 1631 694 quae
1677 646 1834 685 dicitur
1880 649 1984 686 sunt

168 715 438 755 coniunctae.

286 846 312 900 ἓ
345 848 415 891 52.
449 849 701 888 Subiectum
734 848 901 897 plurale
933 848 1131 886 neutrius
1159 848 1331 895 generis
1349 848 1476 886 modo
1494 848 1649 896 plurali
1666 848 1786 887 verbi
1803 859 1986 888 numero

168 919 234 956 est
265 917 477 966 iunctum,
512 917 640 955 modo
672 915 922 964 singularie,
958 917 1005 953 ut
1038 917 1189 964 postea
1222 917 1486 953 constanter.
1518 915 1592 953 Ex.
1623 926 1710 963 gr.:

463 982 528 1021 καὶ
561 981 611 1033 δὴ
644 983 770 1032 δοῦρα
802 979 976 1022 σέσηπε
1027 987 1126 1029 νεῶν
1158 980 1225 1019 καὶ
1259 982 1410 1030 σπάρτα
1443 978 1657 1022 λέλυνται
1672 980 1698 1019 f.

1055 1049 1122 1087 τὸν
1157 1046 1195 1086 δ’
1233 1047 1281 1087 οὔ
1313 1063 1407 1087 ποτε
1444 1049 1599 1098 κύματα
1633 1046 1779 1090 λείπει

462 1117 663 1156 παντοίων
695 1115 868 1166 ἀνέμων,
900 1116 961 1155 ’ὅτε
992 1112 1021 1154 κ’
1059 1112 1142 1154 ἕνθ’
1178 1112 1216 1166 ἠ’
1252 1115 1354 1154 ἔνθα
1386 1113 1649 1169 γενωνταιέῖ.

286 1185 399 1224 Fieri
430 1187 577 1224 autem
611 1185 686 1222 vix
716 1186 888 1233 poterat
919 1184 1022 1232 quin
1054 1184 1124 1222 hic
1155 1183 1244 1222 11110
1276 1194 1486 1222 numerus
1518 1183 1698 1232 pluralis
1730 1188 1870 1224 metro
1903 1196 1986 1224 non

165 1253 277 1291 satis
303 1253 507 1291 defensus
539 1252 710 1291 cederet
741 1252 968 1300 singulari,
998 1262 1080 1299 quo
1113 1254 1235 1290 aetas
1266 1252 1481 1290 recentior
1512 1252 1554 1290 in
1583 1251 1831 1292 huiusmodi
1859 1263 1987 1292 enun—

165 1320 287 1359 tiatis
328 1322 395 1359 est
435 1317 560 1359 usalt.
609 1319 874 1368 Quapropter
913 1320 1199 1358 Aristarchus
1240 1319 1455 1367 pluralem
1499 1319 1770 1367 praeferebat
1811 1320 1883 1358 ubi
1915 1330 1986 1359 res

167 1387 297 1426 dubia
328 1385 592 1426 videbatur&

285 1454 546 1494 Pronomine
587 1469 655 1503 μιν
698 1454 765 1492 vel
807 1453 904 1491 αὐτό
936 1454 1074 1492 semel
1108 1457 1151 1492 et
1181 1455 1342 1492 iterum
1374 1456 1620 1502 respectum
1654 1457 1721 1492 est
1752 1454 1986 1499 substanti-

169 1532 272 1561 vum
306 1518 504 1571 daipertus,
527 1521 765 1570 singularis
788 1522 921 1570 igitur
947 1522 1119 1560 numeri
1141 1522 1280 1560 instar
1298 1521 1540 1560 habebatur
1557 1531 1642 1560 vox
1660 1531 1793 1560 unam
1813 1523 1990 1561 domum

169 1588 424 1637 significans
436 1586 469 1628 k.

286 1656 429 1696 Errori
460 1656 641 1696 debetur
671 1657 792 1696 verbi
825 1667 1036 1696 numerus
1063 1657 1300 1705 singularis
1328 1657 1370 1695 in
1398 1657 1478 1696 hoc
1506 1657 1856 1708 versuzyozlvata'
1872 1671 1911 1694 τε
1931 1687 1937 1694 .
1958 1687 1990 1694 ..

167 1721 294 1773 χεῖρέσ
324 1720 351 1761 τ’
387 1721 597 1773 ὀφθαλμοί
616 1738 654 1762 τε
681 1720 920 1762 ’παλάσσετο
936 1722 959 1763 l.

285 1790 429 1829 Nihilo
472 1791 667 1830 melioris
708 1794 838 1830 notae
870 1794 974 1829 sunt
1007 1792 1226 1830 coniuncti
1259 1801 1468 1829 numerus
1501 1791 1684 1839 pluralis
1716 1791 1918 1830 adiectivi
1949 1793 1992 1830 et

168 1867 381 1896 numerus
413 1858 554 1896 dualis
587 1859 858 1897 substantivi
888 1859 932 1896 in
965 1858 1168 1897 vocibus:
1202 1856 1291 1904 ὀξέα
1321 1858 1437 1906 δοῦρε
1453 1866 1494 1903 ⁷⁷1,
1519 1856 1664 1906 ἄλκιμα
1693 1858 1992 1906 ὁοῦρεη,φίλασ

167 1922 256 1973 περὶ
287 1927 388 1974 χεῖρε
418 1924 586 1975 βαλόντε
600 1933 630 1975 0,
661 1929 762 1975 χεῖρε
798 1925 1000 1963 πετάσσασ
1028 1924 1033 1975 Ι
1063 1924 1338 1975 ἀμφοτέρασμ,
1370 1923 1459 1963 ὄσσε
1494 1924 1641 1973 φαεινὰ
1667 1921 1830 1963 ’πέδησε
1844 1933 1874 1973 q,
1905 1923 1996 1963 ὄσσε

169 1991 408 2042 αἱματόεντα
422 2000 450 2039 r,
482 1992 550 2030 vel
584 1991 705 2040 ἄμφω
738 1992 865 2031 duale
898 1993 1113 2032 sociatum
1146 1993 1414 2031 substantivi
1445 2003 1627 2031 numero
1659 1992 1838 2041 plurali:
1871 1991 1991 2041 ἄμφω

168 2059 274 2108 φάεα
315 2059 454 2108 καλά’,
499 2057 619 2108 ἄμφω
661 2063 795 2110 χεῖρασ
836 2059 1029 2109 ῧπερθεί,
1068 2058 1188 2109 ἄμφω
1231 2057 1484 2109 ὀφθαλμοίκ,
1516 2058 1640 2098 οὔατα
1670 2058 1834 2109 ἅμφοοῡ,
1868 2059 1992 2098 πόδεσ

168 2125 289 2177 ἄμφω
303 2135 340 2165 ¹0.
375 2127 490 2177 Quae
525 2128 677 2176 corrigi
713 2128 837 2167 facile
870 2130 1056 2176 possunt
1088 2129 1262 2166 tantum
1296 2137 1383 2166 non
1417 2128 1578 2166 omnia.

288 2194 371 2233 Sed
414 2195 583 2233 nomini
626 2192 718 2233 ὄσσε
760 2195 992 2234 adiunctus
1025 2195 1264 2243 singularis
1297 2194 1418 2233 verbi
1450 2194 1652 2233 ferendus
1685 2195 1878 2233 videtur:
1913 2190 1990 2232 ὄσσ’

169 2259 336 2310 ἐὸεδήει,
367 2259 545 2310 δέρκεται
583 2259 687 2312 ὄσσε,
720 2259 812 2300 ὄσσε
845 2261 1044 2311 δαίεταιῑ,
1076 2262 1293 2301 collectivi
1326 2262 1457 2310 igitur
1494 2262 1634 2301 instar
1679 2272 1768 2300 vox
1800 2260 1889 2299 ὄσσε
1919 2262 1988 2300 1110

168 2329 257 2368 illic
289 2338 384 2367 eSSe
414 2329 576 2378 habita,
611 2331 658 2368 ut
690 2327 858 2378 ὄμματα.

257 2469 276 2488 a
304 2462 337 2488 Ψ
357 2459 433 2488 493.
566 2458 583 2488 b
612 2461 637 2489 Θ
661 2460 723 2489 471
754 2463 777 2488 ο
803 2460 843 2489 49
872 2463 897 2489 Σ
921 2459 996 2498 357,
1020 2459 1270 2497 Aristophanes
1292 2463 1426 2498 βοῶπισ.
1450 2459 1525 2489 Alia
1549 2459 1792 2489 huiuscemodi
1815 2462 1895 2489 sunt
1919 2462 1947 2488 B
1973 2460 1990 2488 8

169 2513 198 2540 A
223 2512 286 2541 338
316 2512 342 2541 Θ
363 2511 425 2541 471
452 2512 560 2541 Κ169
584 2512 621 2543 Ξ
641 2512 704 2542 357
731 2515 766 2541 Π
787 2513 863 2548 693,
887 2513 950 2542 859
979 2514 1009 2541 T
1027 2513 1091 2542 400
1118 2514 1152 2541 Φ
1178 2513 1253 2548 106,
1278 2512 1341 2541 474
1372 2515 1401 2541 Ψ
1426 2512 1489 2541 602
1514 2512 1545 2541 ,Ω
1571 2513 1611 2542 88
1637 2524 1654 2549 γ
1678 2513 1742 2541 230
1768 2516 1792 2541 3
1818 2511 1990 2550 408ρ415

170 2574 189 2593 σ
228 2564 290 2593 122
326 2575 344 2593 υ
379 2564 442 2593 199
479 2575 502 2592 ω
539 2564 614 2600 192,
643 2564 758 2595 Naber
789 2565 929 2600 Quaeet.
953 2564 1053 2595 Hom.
1081 2565 1143 2597 135
1168 2573 1233 2602 sq„
1253 2563 1363 2595 Cobet
1386 2563 1487 2595 Mise.
1511 2563 1594 2594 Crit.
1620 2565 1701 2599 3333
1726 2564 1867 2594 vHartel
1893 2564 1991 2593 Hom.

170 2615 267 2646 Stud.
292 2616 309 2645 I
332 2616 396 2645 424
410 2615 586 2653 vulgatam
606 2617 810 2647 servandam
831 2617 976 2647 censuit.
1111 2626 1127 2647 c
1150 2618 1185 2646 A
1207 2618 1261 2653 39,
1281 2625 1360 2655 pag.
1374 2618 1415 2647 82
1430 2627 1456 2646 r.
1485 2617 1552 2647 Sed
1564 2625 1684 2647 verum
1699 2617 1836 2646 videtur
1849 2619 1992 2652 Σμίνθιι.

303 2667 326 2697 d
348 2671 382 2697 Χ
419 2669 460 2698 84
495 2672 517 2708 β
552 2669 617 2699 363
644 2681 663 2707 γ
689 2670 751 2699 184
777 2681 793 2699 ο
820 2670 896 2705 125,
921 2670 996 2699 509.
1198 2679 1214 2699 e
1238 2669 1348 2699 Plur.:
1373 2669 1460 2706 sing.
1479 2682 1513 2693 =
1533 2672 1546 2699 1
1564 2678 1571 2698 τ
1588 2670 1618 2699 3.
1819 2668 1842 2705 f
1862 2671 1889 2697 B
1916 2668 1990 2698 135.

300 2731 322 2760 9
347 2723 376 2750 B
401 2722 464 2750 396
489 2729 540 2758 sq.
731 2720 751 2751 h
774 2722 835 2752 Ex.
861 2731 912 2759 gr.
937 2725 965 2751 B
990 2722 1030 2752 87
1056 2723 1099 2751 Μ
1121 2722 1185 2751 286
1211 2734 1232 2760 χ
1256 2722 1333 2753 405.
1479 2722 1492 2752 ι’
1515 2721 1739 2752 Friedlander
1763 2722 1912 2750 Ariston.
1938 2720 1991 2757 15,

170 2773 346 2803 Delbriick
368 2772 514 2804 Grundl.
538 2773 578 2802 21
603 2781 691 2811 sqq„
714 2772 862 2812 Vogrinz
886 2774 986 2804 Hom.
1014 2774 1166 2804 Gramm.
1191 2775 1256 2804 288
1281 2783 1355 2812 sqq.
1582 2773 1604 2813 j
1628 2786 1644 2803 κ
1670 2775 1733 2803 212
1759 2786 1776 2814 ρ
1802 2771 1991 2803 266-269.

167 2825 329 2856 Fortasse
351 2826 431 2856 hinc
454 2826 624 2863 originem
647 2826 770 2856 habuit
792 2835 888 2856 error
910 2827 1136 2863 imitatorum,
1160 2825 1359 2865 pronomini
1377 2839 1429 2864 μιν
1448 2827 1503 2857 vel
1524 2838 1569 2856 νιν
1582 2827 1686 2856 etiam
1700 2825 1844 2864 pluralis
1857 2825 1993 2855 numeri

169 2876 239 2908 vim
262 2878 502 2914 tribuentium,
525 2877 545 2916 ξ
570 2879 624 2914 92,
648 2880 746 2909 4-6.
930 2878 950 2908 lc
973 2879 1018 2909 Ut
1041 2877 1187 2908 latinum
1213 2878 1316 2909 aedes.
1495 2878 1509 2908 l
1531 2881 1560 2908 P
1582 2879 1645 2908 386
1672 2886 1733 2914 sq„
1758 2877 1825 2914 leg.
1850 2879 1991 2914 ἐπλήαιο.

305 2940 333 2960 m
356 2933 384 2960 Ε
404 2930 470 2960 495
494 2934 523 2959 Ζ
547 2931 611 2960 164
636 2932 665 2959 A
690 2931 767 2968 212,
790 2928 857 2968 leg.
881 2929 955 2964 ὀξέι.
1092 2941 1112 2960 n
1137 2933 1169 2960 Γ
1185 2932 1225 2961 18
1249 2933 1278 2960 A
1304 2932 1346 2961 43
1372 2932 1408 2960 H
1427 2932 1490 2961 139
1513 2943 1536 2968 μ
1561 2931 1624 2960 228
1650 2942 1671 2968 χ
1693 2930 1769 2966 125,
1790 2930 1858 2967 leg.
1882 2930 1990 2970 δοῦρα.

303 2992 321 3013 0
343 2994 366 3021 χ
390 2983 467 3019 211,
489 2982 555 3020 leg.
580 2986 670 3019 φίλω.
883 2992 909 3022 p
935 2985 970 3012 Φ
995 2983 1069 3018 115,
1092 2983 1158 3021 leg.
1182 2983 1359 3024 ἀμφοτέρω.
1567 2992 1584 3022 q
1611 2986 1640 3012 N
1664 2983 1742 3021 435,
1765 2982 1786 3012 l.
1811 2991 1842 3012 a.
1865 2985 1991 3021 φαεινώ,

171 3034 238 3072 leg.
262 3035 377 3074 φαεινὼ
400 3035 499 3072 ἴδηαι.
650 3045 668 3065 r
691 3037 722 3064 N
745 3035 823 3071 616,
845 3036 938 3065 reete
963 3035 985 3064 l.
1010 3044 1039 3064 a.
1062 3046 1154 3064 -εντσ,
1305 3045 1321 3065 ³
1344 3045 1367 3064 n
1394 3034 1434 3065 15
1459 3046 1476 3075 ρ
1502 3035 1544 3065 39
1569 3045 1586 3064 τ
1610 3034 1687 3073 417,
1710 3034 1776 3072 leg.
1800 3036 1875 3073 φάει
1899 3037 1991 3063 καλώ.

306 3088 364 3116 ιθ
390 3087 464 3117 135.
489 3086 664 3117 Coi-rectio
688 3087 829 3116 incerta.
1052 3097 1070 3116 u
1095 3090 1131 3116 Π
1151 3086 1227 3123 349,
1252 3087 1317 3125 leg.
1342 3090 1415 3125 -μώ,
1615 3097 1632 3116 v
1655 3099 1672 3127 ρ
1698 3087 1774 3123 302,
1798 3087 1866 3124 leg.
1889 3087 1990 3116 οὔατε.

305 3149 332 3168 ιο
355 3151 373 3168 υ
398 3139 474 3169 365.
499 3137 673 3169 Cori-ectio
697 3139 839 3169 ineerta.
1000 3149 1022 3169 ,τ
1045 3142 1087 3169 Μ
1109 3140 1174 3169 466
1199 3139 1234 3176 (l.
1259 3148 1288 3169 a..
1317 3142 1346 3168 T
1366 3139 1406 3170 17
1435 3142 1465 3168 Ψ
1488 3138 1568 3173 464)
1597 3142 1629 3169 Ψ
1651 3139 1715 3169 477
1740 3141 1756 3174 ζ
1778 3140 1852 3169 131.
