2234 3443
161 187 184 231 ἓ
217 185 286 230 84,
320 183 392 228 85]
764 189 819 217 DE
850 189 1168 217 DEcmNA'rmivm
1200 188 1370 216 marm.
1893 177 1976 214 195

280 306 538 347 Addendum
579 306 699 343 esset
737 302 863 355 ἀγκάσ
875 311 907 351 a,
938 303 976 342 si
1007 302 1128 341 vocis
1160 300 1294 352 ἀγκών
1327 301 1397 340 hic
1429 302 1546 339 esset
1578 301 1752 339 dativus
1785 300 1977 349 pluralis,

162 385 188 414 a
218 374 490 414 debilissima
526 372 676 420 stirpis
707 372 851 411 forma
880 369 980 421 ἀγκν
1011 371 1170 409 ductus
1183 373 1212 408 b.
1246 369 1328 408 Sed
1359 368 1546 407 inauditi
1577 368 1677 415 quid
1708 368 1820 407 foret
1851 368 1981 416 longa

163 441 330 481 vocalis
372 455 402 479 ω
443 440 488 479 in
528 449 614 478 uno
657 449 762 478 casu
794 448 974 487 prorsus
1005 437 1216 486 neglecta,
1251 438 1295 476 et
1327 436 1550 475 conciliari
1583 436 1691 474 haec
1723 436 1866 484 opinio
1898 445 1982 474 non

161 510 308 559 potest
338 517 436 547 cum
468 516 601 545 versu
632 506 853 554 sequenti:

518 571 646 624 ἀγκὰσ
678 569 712 610 δ’
749 570 960 616 ἀλλήλων)
988 567 1176 621 ’λαβέτην
1208 567 1314 620 χερσὶ
1346 570 1614 619 στιβαρῆισιθ,

165 644 252 683 alia
282 644 429 681 autem
460 640 544 679 fuit
576 640 644 679 vie
673 639 793 678 vocis
825 637 958 690 ἀγκών
986 639 1080 677 sive
1105 638 1278 686 cubitus,
1311 637 1399 676 alia
1429 637 1551 676 vocis
1583 635 1709 688 ἀγκάσ
1736 638 1830 676 sive
1856 638 1981 677 ulnis.

166 711 302 759 Quam
334 708 558 748 notionem
587 717 687 746 cum
719 708 847 755 poeta
876 706 1011 745 dativo
1044 706 1290 753 exprimere
1323 703 1509 754 volebat,
1544 705 1724 743 vocibus
1759 702 1985 755 ἀγκοίνκισι

164 780 208 817 et
238 775 491 828 ἀγκαλίδεσσι
523 776 590 814 est
620 784 727 813 usus
743 770 776 812 d.

929 1062 1133 1103 CAPUT
1163 1062 1219 1102 V.

698 1183 798 1233 DE
842 1182 1386 1233 COMPARATION
1391 1181 1452 1232 E.

287 1321 316 1378 ξ
347 1323 419 1366 85.
453 1323 859 1371 Comparativorum
886 1323 930 1360 in
956 1321 1062 1371 -ίων,
1086 1336 1169 1360 -ιον
1197 1322 1492 1360 desinentium
1511 1321 1642 1360 brevis
1658 1322 1701 1360 in
1721 1322 1987 1361 carminibus

169 1394 302 1443 epicis
343 1395 409 1432 est
451 1401 584 1431 sonus
624 1406 648 1428 ι.
692 1390 774 1428 Sed
816 1392 973 1428 natura
1010 1389 1187 1437 longum
1221 1389 1370 1436 fuisse,
1405 1389 1448 1427 in
1481 1389 1602 1437 epica
1634 1389 1766 1437 igitur
1799 1389 1986 1429 dictione

168 1462 376 1511 perpetuo
403 1461 638 1507 correptum
667 1468 763 1496 esse
777 1465 805 1506 ε’,
832 1459 1022 1496 testatur
1044 1458 1440 1506 patronymicorum
1467 1456 1740 1504 aliorumque
1757 1458 1986 1496 nominum

168 1529 212 1567 in
253 1527 345 1566 -ίων
386 1526 678 1566 desinentium
722 1526 811 1564 iota
842 1525 886 1563 in
919 1525 1008 1563 arsi
1040 1535 1171 1573 saepe
1204 1524 1465 1563 collocatum
1480 1523 1510 1562 f.
1543 1524 1575 1562 E
1607 1524 1862 1563 recentioris
1894 1525 1991 1563 aevi

170 1595 359 1634 dictione
403 1594 519 1632 idem
567 1592 770 1639 efficitur;
819 1594 924 1630 tunc
966 1592 1083 1630 enim
1125 1592 1214 1630 iota
1254 1592 1408 1629 horum
1451 1591 1850 1639 comparativorum
1893 1592 1987 1630 sine

167 1661 467 1702 controversia
513 1660 692 1708 longum
739 1660 835 1698 fuit.
894 1660 946 1697 Et
990 1660 1079 1698 iota
1126 1659 1318 1697 nominis
1370 1655 1545 1708 βραχίων
1596 1658 1829 1708 brachium,
1877 1669 1986 1707 quae

168 1728 372 1768 adiectivi
413 1727 566 1778 βραχύσ
607 1728 701 1765 sive
742 1727 873 1766 brevis
913 1726 996 1765 fuit
1036 1726 1178 1765 forma
1221 1726 1567 1774 comparativm,
1609 1726 1744 1764 etiam
1786 1727 1830 1764 in
1866 1727 1988 1775 epica

167 1797 356 1835 dictione
387 1795 566 1843 longum
600 1794 780 1832 mansit.

285 1863 441 1911 Epicae
482 1861 686 1900 dictionis
728 1863 854 1899 erant
895 1861 1073 1899 termini
1114 1875 1224 1909 -ουα,
1262 1871 1387 1907 -ουεσ,
1426 1871 1557 1896 -ονασ,
1600 1860 1831 1899 Breviores
1862 1875 1912 1898 -ω
1945 1862 1988 1899 et

167 1942 274 1978 -ουσ,
304 1940 360 1969 ex
389 1932 514 1974 -ο(σ)α
546 1930 590 1967 et
619 1930 760 1972 -ο(σ)εσ
786 1928 1017 1975 contracti,
1046 1927 1201 1975 quibus
1230 1927 1377 1965 Attica
1404 1926 1617 1965 dialectus
1643 1929 1896 1966 constanter
1922 1929 1988 1966 est

169 2009 262 2046 usa,
308 1999 353 2036 in
400 1998 526 2036 textu
572 1996 733 2034 tradito
779 1995 850 2034 hic
896 1995 986 2033 illic
1033 1995 1337 2033 inveniuntur:
1386 1992 1533 2042 ἀμείνω
1554 1991 1586 2042 71,
1626 1992 1744 2044 ἀρείω
1765 1990 1789 2043 i,
1840 1991 1989 2046 alicuj,

166 2065 298 2117 χερείω
313 2063 346 2115 k,
389 2060 588 2113 ἀρείουσῐ,
634 2063 857 2112 κακίουσνη,
896 2062 1060 2100 πλείουσ
1080 2070 1113 2109 ⁷2,
1154 2062 1229 2100 sed
1271 2061 1484 2100 debentur
1525 2071 1632 2100 aevo
1681 2062 1912 2100 recentiori
1945 2064 1988 2100 et

168 2142 322 2173 omnes
353 2132 442 2171 fere
474 2130 601 2170 facile
631 2133 816 2180 possunt
847 2131 1017 2178 corrigi.

258 2291 278 2309 a
301 2279 320 2318 ξ
344 2276 450 2310 32411.
654 2278 670 2306 b
698 2277 831 2307 Harder
854 2277 896 2306 de
922 2289 941 2306 α
965 2275 1076 2306 vocali
1102 2278 1142 2306 19
1168 2285 1255 2314 sqq„
1279 2276 1349 2306 alii.
1372 2276 1460 2306 Olim
1487 2278 1585 2305 erant
1610 2275 1737 2313 quibus
1761 2277 1864 2313 ἀγκάσ
1888 2285 1987 2306 accu-

168 2331 300 2363 sativus
322 2333 413 2371 plur.
436 2331 585 2361 nominis
608 2330 701 2360 haud
725 2330 814 2368 epici
838 2331 917 2366 ἀγκή
942 2338 1018 2359 esse
1041 2328 1229 2358 videretur.
1432 2337 1447 2358 c
1473 2331 1502 2358 Ψ
1528 2329 1603 2358 711.
1800 2327 1823 2358 d
1844 2329 1989 2359 Maritus

169 2393 310 2415 uxorem
343 2386 519 2422 ἀγκοίνηισι
550 2383 752 2421 complexus
783 2385 836 2412 est
870 2384 905 2413 Ξ
936 2383 999 2412 213
1038 2386 1053 2411 λ
1086 2383 1162 2419 261,
1194 2383 1269 2417 268,
1300 2380 1416 2410 nutrix
1447 2379 1615 2410 infantem
1639 2381 1842 2417 ἀγκαλίδεσσι
1876 2385 1903 2410 Σ
1924 2381 1988 2411 555

170 2438 203 2465 Χ
227 2436 307 2470 503;
330 2436 447 2472 ἀγκῶσι
468 2444 537 2465 non
560 2438 736 2474 poterant:
763 2438 866 2473 caput
893 2435 1110 2464 carissimum
1134 2435 1328 2463 laesissent.
1360 2434 1583 2463 Recentiores
1601 2431 1764 2462 dicebant
1785 2436 1815 2463 ἐν
1835 2435 1989 2470 ἂγκάλαισ

171 2490 254 2526 ἔχειν
287 2487 340 2517 vel
373 2490 542 2527 βαστάσαι,
572 2497 624 2518 ex.
657 2497 707 2526 gr.
739 2489 794 2517 Ar.
830 2486 914 2517 Ran.
950 2487 1024 2517 704.
1049 2488 1194 2516 Dativus
1216 2488 1334 2523 ἀγκῶσι
1359 2487 1393 2515 in
1418 2486 1629 2516 carminibus
1653 2485 1762 2523 epicis
1785 2495 1852 2516 non
1879 2489 1988 2520 extat;

171 2549 259 2578 qnae
284 2541 379 2570 casui
401 2540 585 2570 tribuenda
609 2543 660 2570 est
682 2550 749 2576 res,
774 2549 852 2570 nam
878 2543 997 2570 extant
1018 2542 1132 2577 ἀγκῶνι
1163 2539 1178 2573 ξ
1203 2540 1279 2574 485,
1306 2551 1368 2573 -να,
1393 2550 1473 2574 -νοσ,
1497 2550 1570 2569 -νασ
1600 2541 1626 2567 Ε
1650 2539 1714 2569 582
1748 2541 1779 2569 Κ
1801 2541 1842 2569 80
1871 2543 1904 2569 Ψ
1925 2541 1988 2569 395

171 2593 263 2623 alibi.
416 2602 433 2622 e
457 2592 476 2631 ἓ
504 2593 554 2622 17.
688 2593 720 2633 f
737 2593 906 2623 Suffixum
934 2592 1014 2627 -ῗων,
1035 2592 1127 2630 quod
1152 2600 1333 2621 commune
1357 2591 1424 2621 fuit
1446 2591 1706 2629 patronymicis,
1729 2601 1808 2630 pag.
1835 2593 1897 2622 187
1913 2601 1942 2628 a,
1956 2592 1988 2627 b,

172 2644 428 2684 comparativis,
457 2644 536 2675 aliis
562 2646 760 2675 nominibus
791 2646 921 2681 multis,
953 2655 1004 2675 ex.
1036 2654 1086 2682 gr.
1118 2646 1278 2685 οὐρανίων,
1301 2641 1522 2679 κυλλοποδίων,
1546 2631 1713 2679 ῗθυπτῗων,
1737 2643 1900 2682 primitus
1924 2644 1990 2673 fuit

169 2697 396 2733 attribuentis3
427 2698 511 2727 item
534 2697 621 2727 alter
645 2697 874 2736 comparativi
898 2698 1066 2728 terminus
1090 2707 1206 2736 -τεροσ,
1231 2705 1308 2735 pag.
1335 2698 1397 2726 198
1411 2707 1507 2736 α-ρ,
1531 2699 1566 2726 et
1590 2696 1797 2735 superlativi
1821 2697 1988 2726 terminus

171 2761 292 2785 -τατοσ,
320 2760 371 2780 ex.
396 2759 446 2789 gr.
479 2750 869 2790 ἑβδόματοσεέβδομοσ,
902 2751 1049 2781 Schulze
1081 2750 1220 2785 Quaeet.
1254 2749 1316 2787 Ep.
1350 2750 1425 2779 302.
1452 2747 1641 2789 Comparare
1665 2748 1756 2779 enim
1782 2751 1850 2779 est:
1877 2751 1989 2778 certas

172 2803 216 2833 ob
247 2812 369 2833 causas
397 2813 465 2833 cum
487 2802 628 2842 emphasi
649 2802 831 2842 desiqnar83
865 2804 971 2834 verba
999 2805 1014 2832 ὁ
1039 2805 1073 2833 Λ
1095 2804 1205 2839 μείζων
1229 2803 1292 2831 ἐστὶ
1317 2806 1372 2832 τοῦ
1396 2805 1425 2831 Β
1450 2804 1500 2832 et:
1525 2803 1675 2839 μέγιστόσ
1699 2804 1763 2831 ἐστι
1787 2807 1846 2831 τῶν
1870 2804 1899 2831 Β
1923 2802 1990 2839 pri-

172 2856 277 2885 mitus
307 2854 560 2894 significarunt:
593 2865 724 2894 maqnus
755 2857 818 2885 tum
844 2855 1035 2895 praesertim
1067 2856 1202 2895 apparet
1225 2853 1255 2884 A
1279 2864 1347 2885 cum
1370 2856 1535 2894 spectatur
1559 2863 1598 2883 ea·
1621 2863 1658 2883 ea
1674 2855 1772 2893 parte
1794 2851 1848 2884 uba·
1870 2855 1918 2883 est
1942 2853 1993 2883 vel

171 2910 249 2938 sunt
270 2907 312 2938 B.
705 2918 727 2947 q
752 2908 839 2946 Opp.
865 2911 946 2948 χείρ,
969 2917 1056 2944 quae
1080 2907 1160 2937 inde
1185 2916 1204 2936 a
1227 2905 1346 2945 digitis
1370 2915 1483 2945 nsque
1509 2906 1551 2936 ad
1574 2906 1759 2936 humerum
1783 2906 1990 2944 pertinebat.

305 2961 325 2990 Ιι
347 2961 400 2998 (L.
425 2970 454 2992 a.
479 2964 509 2990 Γ
531 2963 568 2991 11
595 2963 622 2990 Δ
647 2960 725 2998 400)
750 2961 842 2990 1423
869 2962 963 2998 η310
989 2961 1058 2990 071
1086 2961 1165 2989 Hes.
1190 2959 1292 2998 Oper.
1318 2961 1370 2995 19,
1396 2959 1472 2994 294,
1498 2959 1574 2988 320.
1708 2958 1721 2987 i
1744 2960 1776 2988 K
1794 2959 1857 2989 237
1882 2959 1990 2996 7250.

296 3013 318 3052 j
340 3014 421 3043 Hes.
446 3014 548 3053 Oper.
573 3015 648 3043 690.
805 3012 824 3042 k
850 3013 887 3043 L.
913 3022 942 3042 a.
967 3012 982 3047 ξ
1009 3013 1084 3043 176.
1253 3011 1266 3042 ἶ
1293 3016 1322 3042 Π
1347 3013 1411 3042 557
1435 3015 1455 3050 β
1482 3011 1545 3041 277
1571 3024 1581 3040 ι
1605 3010 1658 3041 48.
1816 3021 1845 3040 m
1867 3015 1888 3051 ρ’
1913 3012 1990 3042 277.

305 3075 325 3095 n
349 3079 372 3095 m
397 3068 472 3104 464,
494 3067 560 3104 leg.
587 3066 726 3100 πλέονεσ,
749 3068 788 3095 ut
810 3075 832 3094 π
857 3066 933 3096 246.
958 3066 1022 3095 Pro
1046 3065 1174 3094 πλέσνέσ
1199 3077 1231 3095 κε
1256 3070 1432 3104 μνηστῆρεσ
1463 3065 1495 3093 ἐν
1518 3064 1690 3103 ὑμετέροισι
1715 3063 1840 3100 δόμοισι
1861 3062 1866 3103 Ι
1888 3065 1988 3101 ἠῶθεν

175 3123 323 3155 δαινυίαῑ’
351 3137 368 3155 σ
394 3127 458 3156 247
483 3127 548 3165 leg.
575 3128 676 3164 ἠῶθεν
701 3126 829 3156 πλέονέσ
853 3137 905 3155 κεν
930 3127 960 3155 ἐν
984 3127 1010 3156 ὑ.
1033 3126 1057 3155 δ,
1081 3109 1284 3166 Ιῖνηστῆρεσ
1308 3126 1345 3160 d,
1369 3126 1387 3163 ἓ
1417 3126 1447 3154 8.
