2234 3443
221 165 274 203 28
1001 174 1260 202 PRAEFATio.

214 292 433 328 terrarum
464 288 569 327 illud
600 286 864 326 vocabulum
898 288 941 325 in
975 288 1205 326 hominum
1238 297 1311 326 ore
1337 288 1463 340 vixit,
1497 288 1572 326 sed
1603 288 1648 326 in
1675 288 1924 327 scholarum
1954 298 2044 326 um·

216 356 405 395 braculis
436 358 504 395 est
534 355 711 401 fictum;
745 355 927 393 debetur
960 356 1076 393 enim
1110 355 1259 394 versui
1291 355 1524 394 Homerico
1557 355 1750 404 pessime
1782 356 2045 405 explicatoa,

215 434 355 472 neque
388 424 563 462 videtur
588 423 769 461 dubium
797 423 902 469 quin
931 433 955 461 a
982 422 1154 461 Phileta
1183 424 1462 471 praeceptore
1478 423 1739 462 Theocritus
1756 424 1797 463 id
1815 424 2045 472 acceperit.

220 491 299 540 Qui
330 494 484 540 postea
515 492 693 529 demum
727 501 773 528 se
807 490 940 538 digna
972 500 1128 529 canere
1161 491 1303 538 coepit
1316 487 1345 529 b.

336 560 532 598 Philetae
556 559 689 607 igitur
715 559 900 606 lexicon,
929 559 997 596 cui
1026 549 1209 595 Γλῶσσαι
1241 559 1338 597 sive
1356 556 1524 596 ’Ἄτακτα
1551 559 1635 598 fuit
1660 559 1830 608 titulus,
1860 558 2048 597 habebat

172 630 176 632 ’
219 625 417 674 mirifica,
466 636 576 674 quae
623 626 754 664 modo
800 625 994 663 indicata
1041 628 1158 675 sunt,
1209 626 1317 664 vitia
1363 625 1518 665 haece:
1552 629 1699 677 πκγῶι]
1733 623 1809 666 ἁλί.
1846 650 1896 655 -
1932 626 2046 673 ἰδῶν]

218 690 456 743 ὀφθαλμῶν.
488 715 543 720 -
575 695 715 743 φρῐκα]
749 698 892 744 ψῦχοσ.
926 714 977 719 -
1015 691 1269 741 ἀποφώλιοσ]
1308 692 1563 732 ἀπαίδευτοσ.
1595 715 1653 721 -
1684 695 2049 745 στάτην]γυναῖκα.

337 762 542 800 Fortasse
575 761 731 800 etiam:
759 760 1014 810 „ntaatssaeovJ
1048 761 1231 800 κίσσινον
1262 760 1488 812 ποτήριον”
1516 762 1608 801 illic
1634 762 1906 810 legebaturc;
1942 773 2047 801 nam

219 828 333 867 hunc
380 839 548 877 quoque
591 839 783 867 errorem
831 830 1034 867 veterum
1081 829 1385 879 interpretum,
1438 840 1552 868 vana
1600 830 1791 878 quadam
1836 840 2046 870 sonorum

219 895 512 935 similitudine
545 897 840 945 deceptorum,
874 896 987 935 fovit
1017 897 1278 936 Theocritus
1291 894 1324 936 d.

336 964 488 1011 Itaque
521 965 684 1003 mirum
716 975 804 1003 non
837 966 905 1004 est
936 965 1245 1004 Aristarchum
1280 965 1476 1004 Philetae
1504 965 1723 1004 erroribus
1740 965 2052 1013 redarguendis

219 1032 439 1079 integrum
473 1031 634 1070 librum
665 1032 930 1071 insumsisse
943 1039 971 1071 e.

339 1166 465 1205 Alius
512 1167 709 1206 Philetae
751 1167 992 1215 discipulus
1033 1167 1264 1206 Zenodotus
1303 1167 1531 1217 Ephesius,
1566 1178 1720 1207 museo
1753 1165 2050 1206 Alexandrino

223 1243 246 1271 a
279 1233 532 1274 Ptolemaeo
565 1234 850 1283 Philadelpho
883 1235 1173 1283 praepositus,
1208 1245 1370 1273 novam
1403 1235 1652 1274 carminum
1672 1235 1891 1284 epicorum
1911 1243 2054 1272 recen-

222 1300 392 1339 sionem
426 1303 612 1341 confecit
624 1300 655 1341 f.
690 1302 839 1340 Multis
866 1302 1069 1341 versibus
1095 1303 1190 1351 ipso
1208 1303 1350 1341 iudice
1366 1303 1529 1351 spuriis
1547 1303 1831 1352 praescripsit
1846 1301 2053 1340 lineolam

221 1370 526 1408 transversam
567 1370 663 1408 sive
710 1367 888 1417 obelum,
937 1370 1105 1409 multos
1148 1370 1288 1418 eiecit,
1332 1380 1443 1418 quae
1476 1371 1638 1410 vitiosa
1669 1370 1855 1409 ducebat
1885 1371 2052 1408 temere

223 1436 390 1483 passim
423 1438 466 1475 et
499 1447 575 1485 pro
607 1437 786 1476 libidine
813 1436 1046 1486 refingens.

341 1503 445 1542 Post
476 1505 747 1543 Zenodotum
781 1505 1071 1543 bibliothecae
1103 1506 1248 1553 regiae
1281 1506 1469 1554 praefuit
1500 1506 1595 1545 eius
1627 1505 1867 1554 discipulus
1899 1505 2053 1543 Aristo-

220 1570 379 1617 phanes
410 1571 664 1621 Byzantius,
700 1573 766 1611 vir
798 1573 1008 1620 eruditUS,
1042 1582 1195 1620 sagax,
1230 1573 1487 1622 industrius,
1515 1574 1588 1621 qui
1611 1574 1786 1612 textum
1805 1573 2051 1612 carminum

226 1637 446 1685 epicorum
480 1640 619 1687 signis
655 1640 924 1688 prosodiacis
954 1640 1123 1688 primus
1151 1641 1420 1680 instruxisse
1445 1642 1596 1680 fertur.

344 1705 653 1756 Aristophanis
694 1711 844 1746 autem
876 1707 1116 1756 discipulus
1149 1714 1192 1747 et
1223 1719 1452 1748 successor
1485 1709 1757 1748 Aristarchus
1787 1708 1964 1747 saeculo
1996 1707 2058 1746 110

226 1776 387 1820 quanto
415 1775 560 1814 studio
587 1775 770 1814 Iliadem
799 1777 844 1814 et
869 1775 1111 1824 Odysseam
1129 1776 1261 1815 fuerit
1281 1779 1596 1825 perscrutatus,
1614 1787 1746 1825 quam
1765 1778 1905 1824 caute,
1925 1784 2056 1823 quam

226 1841 363 1888 perite
404 1842 447 1880 in
485 1843 539 1881 iis
571 1843 858 1882 emendandis
895 1845 938 1881 et
969 1844 1315 1893 interpretandis
1347 1848 1566 1893 versatus,
1595 1847 1760 1892 quanta
1791 1844 1830 1882 ei
1861 1843 2058 1882 doctrina

224 1908 367 1957 fuerit,
396 1913 612 1957 quantum
645 1911 808 1949 mentis
839 1921 1038 1955 acumen,
1073 1922 1204 1959 quam
1237 1912 1518 1960 incorruptus
1550 1912 1642 1950 veri
1669 1912 1892 1960 pulcrique
1919 1919 2055 1958 amor,

225 1985 310 2013 non
345 1976 474 2015 huius
505 1977 587 2016 loci
619 1979 688 2017 est
714 1978 903 2018 dicerer.
932 1978 1188 2017 Carminum
1206 1980 1382 2018 textum
1400 1989 1554 2018 severo
1572 1979 1729 2018 iudicio
1748 1978 2055 2018 examinatum

223 2043 362 2090 signis
389 2045 550 2083 criticis
582 2046 770 2094 ornavit,
804 2056 992 2093 quorum
1018 2047 1247 2094 signorum
1272 2057 1429 2085 causas
1457 2046 1700 2095 explicavit
1725 2047 1768 2084 in
1796 2044 2057 2095 ὑπομνήμασι

226 2111 323 2150 sive
368 2113 701 2160 commentariis;
745 2116 972 2161 praeterea
1011 2114 1189 2162 scripsit
1220 2114 1508 2165 συγγράμματα
1540 2115 1634 2152 sive
1665 2113 1981 2160 dissertationes,
2013 2112 2058 2150 in

226 2178 384 2225 quibus
416 2189 485 2217 res
517 2179 794 2229 difficilioreS,
827 2191 938 2228 quae
970 2182 1122 2229 paucis
1151 2181 1299 2220 verbis
1329 2181 1374 2219 in
1408 2181 1600 2220 transitu
1632 2181 1792 2230 exponi
1822 2190 1907 2219 non
1941 2181 2058 2228 pote·

226 2247 338 2293 rant,
386 2246 529 2285 fusius
576 2245 831 2287 tractavith.
882 2248 1000 2298 Quae
1046 2249 1084 2287 si
1131 2249 1304 2297 integra
1349 2249 1402 2287 ad
1443 2259 1523 2288 nos
1564 2249 1872 2298 pervenissent
1912 2258 2055 2297 opera,

230 2311 499 2352 uberrimum
528 2315 787 2355 thesaurum
814 2317 1175 2355 observationum
1197 2316 1371 2355 utilium
1391 2318 1595 2365 paratum
1614 2316 1698 2355 sibi
1715 2316 1757 2355 in
1775 2317 1831 2355 iis
1849 2315 2062 2354 haberent

227 2380 414 2419 lectores
451 2382 662 2423 hodierni.
696 2384 778 2423 Sed
810 2395 950 2432 neque
983 2385 1231 2424 Aristarchi
1263 2386 1368 2434 vita,
1403 2395 1512 2433 quae
1544 2385 1585 2423 in
1621 2386 1822 2433 tempora
1852 2382 2060 2422 turbatis-

227 2448 342 2486 sima
383 2449 548 2499 incidit,
590 2452 674 2489 fuit
705 2462 925 2500 prospera,
958 2463 1099 2500 neque
1131 2463 1242 2501 quae
1274 2453 1458 2502 protulit
1490 2453 1680 2491 multum
1699 2452 1865 2491 favoris
1882 2451 2056 2489 invene-

228 2520 329 2553 runt
372 2520 499 2556 extra
530 2519 668 2566 ipsius
700 2519 921 2566 scholam3
961 2521 1123 2559 mortui
1156 2530 1318 2559 nomen
1351 2521 1529 2568 quidem
1563 2530 1588 2558 a
1619 2519 1822 2568 plurimis
1853 2519 1920 2557 est
1951 2517 2057 2556 cele-

229 2584 419 2632 bratum,
463 2586 538 2623 sed
572 2596 702 2634 opera
735 2597 839 2626 mox
871 2598 926 2626 ex
957 2588 1188 2626 hominum
1231 2589 1446 2627 memoria
1486 2598 1751 2626 evanescere
1784 2581 2054 2635 coeperunti.

318 2718 338 2737 a
365 2711 396 2738 A
423 2712 452 2739 6.
587 2710 603 2739 b
627 2711 772 2741 Carmen
794 2712 857 2741 hoc
883 2712 1066 2741 Theocrito
1089 2713 1171 2742 olim
1197 2712 1434 2742 abiudicatum
1459 2712 1608 2741 feliciter
1620 2711 1806 2740 vindicavit
1819 2707 2056 2739 O.Haeberlin

230 2759 388 2791 Carmina
412 2764 561 2800 figurata
585 2765 729 2800 Graeca,
755 2765 852 2794 1887.
987 2774 1002 2794 c
1025 2778 1034 2794 ι
1060 2767 1122 2794 346
1145 2766 1188 2794 al.
1324 2765 1347 2795 d
1369 2765 1513 2795 Theocr.
1537 2765 1554 2794 Ι
1579 2765 1619 2794 27
1645 2771 1741 2802 sqq.;
1766 2764 1850 2792 item
1872 2759 2056 2798 Euripides

232 2813 323 2850 cycl.
351 2817 414 2844 390
438 2817 494 2853 al.,
517 2817 617 2855 Verg.
643 2818 715 2847 Ecl.
737 2818 789 2847 ΙΙΙ
816 2819 856 2847 38
879 2826 955 2855 sqq.
1090 2827 1106 2847 e
1128 2819 1212 2858 πρὸσ
1237 2821 1391 2857 Φιλητᾰν,
1412 2818 1520 2848 schol.
1542 2819 1575 2847 A
1590 2818 1653 2847 524
1676 2820 1703 2846 B
1719 2817 1792 2846 111.
1920 2810 2055 2853 scire&

231 2875 356 2895 annum
393 2875 471 2898 ame
504 2870 582 2900 Chr.
615 2871 678 2900 270
711 2870 847 2899 videtur
870 2870 911 2899 ad
936 2871 1038 2900 finem
1064 2879 1141 2900 esse
1166 2871 1343 2909 perducta.
1475 2881 1496 2910 9
1520 2870 1631 2900 Lehrs
1655 2870 1698 2899 de
1721 2866 1911 2899 Aristarchi
1932 2863 2058 2895 studiis

228 2918 421 2950 Homericis
444 2922 529 2952 1833
545 2920 690 2962 (21865),
709 2923 873 2954 Ludwieh
890 2923 1084 2953 Aristarchs
1097 2922 1324 2954 Homerische
1338 2924 1531 2954 Textkritik
1546 2924 1631 2953 1884
1645 2930 1707 2960 sq.,
1721 2921 1845 2951 Romer
1858 2917 2057 2948 Aristarchs

230 2971 417 3002 Atheteson
446 2976 542 3004 1912.
678 2975 698 3004 lc
722 2976 782 3005 Ex.
807 2984 856 3013 gr.
881 2977 1020 3015 περὶτοῦ
1043 2978 1264 3014 ναυστάθμου,
1289 2977 1323 3005 in
1345 2985 1414 3013 quo
1433 2984 1538 3013 opere
1551 2976 1664 3004 caetra
1677 2974 1881 3003 Achivorum
1897 2971 2057 3000 accurate

230 3025 419 3055 secundum
456 3028 641 3057 Homerum
675 3027 873 3058 delineavit.
1011 3028 1022 3056 i
1055 3028 1119 3064 Qui
1153 3029 1388 3058 Aristarchum
1412 3029 1590 3057 insecutus
1615 3028 1669 3056 eet
1692 3025 1903 3059 Ammonius,
1916 3021 2058 3061 scripsit

233 3077 357 3107 librum
394 3081 462 3118 περὶ
497 3085 551 3109 τοῦ
588 3081 629 3118 μὴ
666 3082 822 3118 γιγονέναι
854 3083 980 3110 πλείουσ
1012 3080 1087 3117 (τῶν
1115 3080 1209 3121 δύοῗ)
1231 3082 1372 3111 andanem
1398 3086 1453 3118 τῆσ
1477 3081 1686 3119 Ἀριστάρχου
1710 3079 1922 3118 διορθώσεωσ,
1946 3074 2055 3105 schol.

234 3133 263 3159 l(
287 3131 368 3161 397:
395 3132 514 3170 paucis
538 3132 645 3170 igitur
669 3134 766 3163 annis
790 3136 869 3172 post
892 3133 1082 3163 Aristarchi
1106 3136 1252 3164 mortem
1277 3143 1319 3163 ne
1338 3134 1373 3163 id
1393 3133 1531 3171 quidem
1554 3131 1747 3168 constabat,
1768 3131 1850 3168 quot
1863 3126 2054 3159 carminum
