2234 3443
167 203 194 248 ς
229 201 327 247 108]
459 211 513 239 Dr:
545 209 759 238 rnnxrorm
790 208 1025 237 vannorum
1057 208 1407 239 osssmsz‘rroan
1439 210 1706 241 GENERALns.
1903 205 1990 244 225

704 379 736 419 c)
761 375 1104 412 Subiunctivus
1128 374 1452 412 deliberantis.

283 490 359 529 Vis
405 500 516 538 quae
562 490 807 529 dubitativa
853 490 946 528 sive
987 489 1273 529 deliberativa
1313 490 1472 529 dicitur
1515 491 1793 533 subiunctivo
1826 494 1870 532 in
1904 504 1994 534 car·

164 558 357 597 minibus
389 558 524 606 epicis
554 557 720 597 tributa
753 559 841 596 est:

286 627 323 669 1)
353 627 454 674 post
486 635 615 664 voces
647 624 983 672 interroyativaS,
1019 634 1088 663 ex.
1117 634 1202 672 gr.:

518 692 546 730 ὤ
574 706 640 741 μοι
673 690 761 742 ἐγώ,
791 690 830 732 τί
865 690 1030 742 πάθω;
1064 689 1102 732 τί
1135 692 1185 730 νύ
1217 706 1284 740 μοι
1316 693 1487 739 μήκιστα
1520 691 1764 746 γὲνηταιας

159 769 272 807 quae
304 761 573 799 constructio
598 760 767 808 primae
798 769 1009 808 personae
1040 759 1122 798 soli
1153 760 1326 808 propria
1359 760 1524 799 mansit
1554 762 1719 809 postea.

280 827 321 872 2)
358 829 457 876 post
490 826 552 876 οὐ,
583 837 651 868 ex.
685 837 772 875 gr.:

514 892 562 932 οὗ
594 893 668 945 γάρ
700 907 762 931 πω
794 892 930 932 τοίουσ
957 889 1087 945 ’ρίδον
1121 891 1270 943 ἀνέρασ
1303 889 1407 934 οὐδὲ
1443 892 1638 948 Είὸωμαι
1656 890 1682 931 ὖ.

516 959 590 999 οὐκ
621 957 707 998 ἔσθ’
746 955 867 999 οὗτοσ
898 958 1001 1009 ἀνὴρ
1033 956 1122 998 οὐδ’
1159 958 1311 999 ἔσσεται
1347 956 1450 1001 οὐδὲ
1484 958 1713 1014 γένηταιθ.

511 1030 715 1078 μνήσομαι
746 1025 850 1068 ουδὲ
881 1024 1108 1081 λάθ’ωμαι
1139 1027 1385 1068 Ἀπόλλωνοσ
1415 1028 1602 1080 μκάτοιο
1616 1025 1648 1067 d.

395 1178 442 1217 Β.
477 1177 891 1216 Subiunctivus
923 1178 976 1216 in
1009 1178 1332 1216 enuntiatis
1366 1178 1750 1217 secundariis.

274 1302 464 1341 Vocibus
497 1301 570 1349 ὅτε,
601 1301 659 1349 ὅσ,
691 1300 759 1350 ὡσ,
789 1301 835 1351 εἰ,
866 1302 964 1341 aliis
995 1312 1123 1351 saepe
1154 1302 1328 1341 additus
1361 1305 1428 1341 est
1460 1302 1770 1341 subiunctivus
1802 1305 1984 1343 ornatus

154 1369 372 1418 particula
403 1383 458 1419 κε,
489 1370 857 1417 quemadmodum
890 1370 1092 1408 homines
1125 1371 1168 1408 et
1198 1371 1350 1418 postea
1376 1369 1510 1408 locuti
1543 1372 1667 1417 sunt;
1701 1371 1777 1409 sed
1809 1371 1982 1411 omitte-

154 1435 280 1475 batur
312 1450 354 1475 κε
386 1447 485 1476 cum
515 1437 722 1485 ,qenerazis
750 1438 950 1476 sententia
981 1437 1331 1486 proferebature;
1367 1446 1434 1476 ex.
1469 1447 1557 1484 gr.:

508 1503 656 1542 ἐσθλὸν
686 1502 752 1541 καὶ
785 1503 827 1542 τὸ
859 1502 1048 1553 τέτυκται,
1079 1502 1138 1544 ὄπ’
1170 1503 1338 1554 ἅγγελοσ
1368 1503 1508 1553 αἴσιμα
1542 1502 1726 1558 ςείὸηιῖ.

508 1569 671 1612 ὁππότε
704 1571 818 1609 δαῖτα
850 1569 1034 1622 γέρουσιν
1065 1567 1385 1625 ἐφοπλίζωμεν
1419 1571 1565 1621 Ἀχαιοί
1582 1582 1616 1611 9.

507 1641 580 1677 τὴν
610 1638 684 1689 γὰρ
716 1637 861 1677 ἀοιδὴν
888 1641 1036 1688 μᾶλλον
1068 1635 1307 1677 ἐπικλείουσ’
1345 1637 1571 1687 ἅνθρωποι,

508 1703 540 1745 ἥ
570 1718 636 1746 τιὸ
669 1705 928 1745 ἀκουόντεσσι
960 1707 1134 1744 νεωτάτη
1165 1703 1482 1760 ἀμφιπέληται
1496 1704 1530 1746 ᾖ.

505 1774 653 1826 fidu-51¹
687 1770 722 1811 δ’
759 1771 877 1813 ὅσσα
908 1771 1095 1827 γένηται
1127 1772 1190 1811 ἐπὶ
1221 1771 1342 1824 χθονὶ
1373 1773 1697 1823 πολυβοτείρκιί.

505 1839 553 1879 οὔ
586 1855 644 1879 τοι
671 1839 724 1879 ἔτι
757 1841 908 1892 δριρόν
940 1855 982 1892 γε
1014 1841 1138 1889 φίλκσ
1169 1839 1248 1879 ἀπὸ
1280 1840 1473 1890 πατρίδοσ
1504 1840 1598 1878 αἴκσ

504 1906 670 1954 ἔσσεται,
702 1905 788 1945 οὐδ’
826 1905 871 1948 εἴ
898 1907 970 1959 πέρ
1002 1923 1052 1960 f?
1084 1908 1248 1955 σιδήρεα
1282 1904 1438 1957 δέσματ’
1476 1904 1663 1961 ἔχηισι]’.

504 1974 628 2026 αὐτὰρ
661 1972 759 2015 ἐπεὶ
790 1974 838 2025 δὴ
871 1975 938 2014 τόν
970 1989 1012 2026 γε
1044 1972 1173 2029 λίπηι
1206 1976 1315 2025 ψυχή
1347 1989 1385 2013 τε
1415 1973 1482 2013 καὶ
1513 1974 1614 2013 αἰών
1627 1972 1657 2013 ἦ.

265 2043 407 2082 Etiam
458 2044 503 2081 in
555 2043 955 2091 comparationibus
1005 2043 1311 2081 subiunctivus
1356 2042 1651 2091 usurpabatur
1697 2052 1796 2081 oum
1843 2043 1976 2084 fiebat

143 2119 293 2149 sermo
326 2111 377 2149 de
419 2110 548 2150 rebus
593 2121 700 2159 quas
742 2121 1054 2159 nonnunquam
1096 2109 1189 2149 fieri
1222 2110 1291 2149 vel
1322 2110 1463 2149 factas
1497 2120 1593 2149 esse
1627 2113 1973 2152 consentaneum

142 2179 262 2225 erat;
296 2188 364 2217 ex.
398 2186 485 2226 gr.:

502 2243 567 2285 ὡσ
600 2241 634 2283 δ’
673 2242 743 2285 ὅτε
775 2243 964 2299 κινήσηι
996 2243 1184 2295 Ζέφυροσ
1214 2243 1328 2294 βαθὺ
1360 2245 1476 2283 λήϊον
1509 2242 1640 2282 ἐλθών
1655 2241 1678 2281 ἶ.

501 2309 567 2352 ὡσ
605 2310 648 2351 δὲ
677 2311 778 2351 λέων
809 2311 851 2350 ἐν
882 2310 1001 2363 βουσὶ
1031 2311 1170 2362 θορὼν
1202 2308 1253 2360 ἐξ
1285 2310 1434 2362 αὐχένα
1470 2308 1660 2365 ξάξηιῃῑ.

495 2376 564 2430 ’βίῖ
596 2376 637 2431 ῥ’
672 2377 769 2428 ἴμεν’
805 2379 860 2418 ὥσ
890 2394 929 2418 τε
959 2378 1059 2418 λέων
1091 2377 1365 2430 ὀρεσίτροφοσ,
1397 2377 1450 2418 ὅσ
1481 2376 1515 2419 τ’
1548 2377 1739 2429 ἐπιδευὴσ

496 2446 647 2499 ὃριρὸν
677 2444 751 2501 ἔηι
781 2447 935 2498 κρεάων
948 2455 980 2485 ⁷².

262 2514 346 2554 Ubi
392 2524 495 2554 vero
542 2515 1002 2554 commemorabantur
1048 2524 1158 2563 quae
1205 2514 1336 2553 certis
1381 2513 1654 2563 temporibus
1700 2514 1785 2553 fert
1824 2523 1971 2553 rerum

143 2584 314 2630 natura,
348 2592 434 2621 non
470 2582 556 2620 nisi
585 2583 806 2622 indicativo
838 2585 932 2622 erat
964 2582 1099 2632 locus,
1134 2592 1201 2621 ex.
1235 2591 1320 2629 gr.:

229 2746 249 2766 a
282 2749 294 2765 ε
329 2737 411 2773 4653
440 2735 568 2766 similia
601 2738 636 2766 A
671 2738 734 2767 150
770 2739 802 2766 K
833 2738 872 2767 62
911 2745 962 2774 sq.
998 2740 1022 2766 Σ
1058 2737 1120 2767 188
1158 2748 1173 2765 ο
1209 2736 1273 2766 509
1310 2746 1332 2765 n
1369 2736 1500 2766 74—76
1533 2746 1549 2765 τ
1582 2735 1758 2766 525-528
1783 2747 1805 2773 χ
1832 2735 1894 2765 167
1916 2744 1968 2774 sq.

274 2789 290 2819 b
319 2791 353 2818 A
386 2789 462 2819 262.
605 2799 621 2819 c
651 2799 674 2818 π
699 2790 774 2820 437.
920 2788 943 2819 d
963 2789 1004 2819 Η.
1029 2789 1092 2827 Ap.
1119 2790 1155 2828 1;
1179 2788 1308 2818 similia
1330 2791 1364 2818 H
1388 2789 1450 2818 197
1476 2790 1491 2823 ζ
1515 2789 1591 2818 201.
1739 2797 1755 2817 e
1777 2788 1826 2817 La
1849 2788 1967 2818 Roche

139 2842 241 2872 Hom.
263 2841 402 2873 Unters.
427 2841 462 2871 ΙΙ
487 2843 550 2871 124
574 2850 650 2879 sqq.
795 2841 826 2882 f
849 2846 872 2870 Ο
896 2842 971 2872 207.
1113 2851 1135 2881 y
1156 2843 1184 2870 A
1209 2842 1286 2871 344.
1431 2839 1452 2869 Ιι
1477 2852 1496 2869 α
1521 2841 1583 2870 351
1610 2848 1662 2877 sq.
1809 2839 1822 2869 z·
1843 2851 1864 2876 μ
1885 2841 1968 2882 ⁴191.

265 2892 288 2932 j
311 2906 331 2923 α
353 2894 417 2924 203
443 2902 493 2931 sq.
629 2893 650 2922 k
675 2897 711 2923 Π
727 2894 803 2923 453.
828 2893 1030 2923 Cuiusmodi
1056 2892 1144 2924 locis
1163 2902 1226 2932 pro
1253 2896 1281 2924 εἰ
1303 2896 1337 2924 et
1361 2896 1426 2922 ἐπεί
1450 2901 1554 2930 saepe
1578 2893 1613 2921 in
1640 2891 1738 2922 codd.
1762 2892 1967 2922 recentioris

140 2946 216 2976 aevi
234 2946 378 2976 voculae
399 2947 432 2984 ἤν
457 2948 491 2975 et
515 2948 590 2983 ἐπήν
613 2944 647 2986 (ἓ
661 2947 724 2976 326
747 2946 784 2983 C)
803 2948 884 2975 sunt
903 2947 1065 2984 scriptae,
1086 2955 1137 2976 ex.
1161 2955 1229 2984 gr.:
1254 2948 1353 2986 αὐτὰρ
1374 2946 1448 2983 ἐπὴν
1470 2945 1506 2982 δὴ
1526 2945 1624 2974 παῖδα
1644 2947 1842 2982 γενειήσαντα
1856 2945 1966 2983 ,μέδηαι

138 3009 160 3028 tt
184 2998 260 3035 269,
283 2995 378 3028 recte
402 2996 427 3027 F
449 3000 524 3033 ἐπεί,
547 2998 619 3028 vel:
644 2999 742 3039 αὐτὰρ
767 2998 842 3035 ἐπὴν
866 2997 919 3032 νύξ
942 2999 1031 3036 ἔλθηι
1056 3009 1072 3027 τ
1096 2999 1173 3035 515,
1192 3001 1286 3028 recte
1306 2999 1337 3028 Η
1357 3001 1432 3030 ἐπεί,
1454 2998 1498 3027 Et
1517 2997 1724 3034 particulam
1739 3009 1770 3026 κε
1782 2997 1968 3036 postmodo

137 3050 322 3088 irrepsisse
347 3051 381 3079 in
409 3051 538 3080 multos
561 3052 668 3087 locos,
690 3051 751 3081 ubi
775 3053 878 3089 poeta.
902 3049 1048 3080 dixisset
1072 3061 1116 3087 τε,
1141 3059 1191 3081 ex.
1215 3060 1266 3089 gr.
1292 3052 1330 3080 ὅσ
1353 3062 1384 3081 τι
1409 3049 1524 3089 (codd.
1550 3051 1595 3084 κε)
1619 3049 1725 3080 θεοῑσ’
1755 3052 1966 3088 ἐπιπείθηται,

140 3104 223 3138 μάλα
245 3102 275 3132 τ’
303 3105 410 3133 ἔκλυον
434 3105 530 3133 αὐτοῦ
553 3105 588 3133 A
615 3105 691 3140 218,
714 3104 913 3142 suspicatus
937 3106 991 3133 est
1014 3102 1151 3134 Monro2
1177 3103 1193 3141 5
1219 3104 1281 3133 283
1297 3103 1324 3133 b.
1497 3102 1511 3131 l
1534 3105 1562 3132 B
1589 3101 1667 3137 1473
1694 3102 1821 3132 similia
1844 3104 1873 3132 K
1899 3103 1964 3133 188

141 3155 184 3183 M
207 3155 282 3185 278.
461 3165 489 3184 m
514 3158 540 3185 Ε
565 3157 639 3186 161.
795 3166 815 3186 n
839 3158 882 3186 M
913 3157 989 3186 299.

249 3211 319 3240 Van
338 3213 510 3241 Leeuwen.
527 3213 765 3242 Enchiridium.
1821 3211 1855 3238 15
