2234 3443
231 205 316 243 398
895 214 950 242 on
983 213 1388 242 comunemonmus.
1895 206 1932 252 [§
1965 206 2051 245 32ss

583 326 682 365 λαὸσ
711 325 872 365 ἑπέσθω
892 357 900 366 .
918 357 926 366 .
945 357 951 363 .
970 355 980 373 ,
1011 322 1066 366 αἴ
1094 323 1173 366 κὲν
1205 342 1240 364 τι
1265 326 1373 375 φάοσ
1406 329 1605 366 Δαναοῖσι
1635 326 1774 379 γένηαι
1789 336 1819 365 α.

583 390 636 433 αἲ
663 391 752 447 γὰρ
785 392 871 444 ἐμοὶ
901 392 1057 432 τοιόσδε
1088 392 1207 432 πόσισ
1237 392 1481 443 κεκλημένοσ
1513 391 1627 444 εἴηῙῧ

584 457 686 501 αἴθ’
717 459 860 510 ὄφελεσ
891 458 1041 511 ἅγονόσ
1071 456 1098 497 τ’
1133 458 1271 510 ἔμεναι
1301 458 1457 510 ἅγαμόσ
1487 457 1512 498 τ’
1550 458 1829 500 ἀπολέσθαιῐθ

348 527 430 566 Sed
463 529 505 566 et
536 527 575 565 εἴ
600 542 656 577 κε,
680 528 715 566 εἰ
743 528 832 579 γάρ,
863 527 950 566 εἴθε
983 528 1190 576 leguntur
1227 528 1270 566 in
1313 528 1557 576 codicibus;
1590 529 1854 577 quapropter
1884 528 2054 568 Bekker

228 594 418 633 formam
465 593 513 631 αἴ
552 595 744 635 Homero
787 595 1044 644 denegabat,
1088 595 1296 633 audacius
1336 605 1469 642 quam
1512 595 1800 644 probabilius;
1843 605 1946 634 nam
1979 596 2054 634 uni

230 670 409 700 normae
450 661 488 700 si
526 662 633 701 haec
675 663 893 711 particula
931 662 1100 701 cunctis
1136 664 1381 701 carminum
1414 663 1636 711 epicorum
1668 662 1778 701 locis
1810 662 2058 711 adaptanda

228 728 414 777 videtur,
447 728 531 767 fert
561 730 674 768 ratio
706 731 754 768 ut
785 730 1005 777 antiquior
1035 729 1178 768 forma
1208 728 1262 778 αἴ,
1292 739 1403 777 quae
1428 730 1541 778 apud
1567 729 1727 768 Aeoles
1754 730 1796 767 et
1822 728 2056 768 Dorienses

229 796 382 842 postea
406 796 661 844 permansit,
689 796 904 835 scribatur
931 797 1199 844 constanter,
1227 806 1312 835 non
1340 795 1537 844 vulgaris
1562 795 1599 834 εἰ
1622 795 1724 834 huic
1746 795 2054 835 substituatur.

230 861 313 900 Sed
344 862 452 900 nihil
482 862 700 902 eiusmodi
730 873 919 902 novasse
951 863 1094 902 satius
1125 865 1194 902 est
1224 864 1269 901 in
1301 873 1346 902 re
1379 873 1488 910 quae
1515 873 1656 911 neque
1684 865 1804 902 certa
1829 863 1887 902 sit
1913 873 2054 911 neque

229 929 379 977 magni
410 930 638 968 momenti.

347 995 425 1034 Vis
466 996 587 1035 vocis
627 996 663 1034 εἰ
702 996 855 1035 multis
896 997 1142 1036 carminum
1175 997 1396 1046 epicorum
1428 997 1538 1036 locis
1569 998 1814 1046 permansit
1844 998 2055 1046 integrior

226 1072 358 1109 quam
401 1064 444 1101 in
482 1064 741 1102 recentioris
787 1065 884 1103 aevi
921 1064 1139 1113 operibus.
1182 1064 1397 1102 Primitus
1433 1065 1551 1103 enim
1583 1065 1625 1103 id
1657 1065 1746 1104 fere
1779 1063 2054 1114 significabat

229 1131 364 1177 quod:
388 1141 603 1179 ponamus
627 1132 870 1180 argumenti
893 1141 1023 1171 causa
1047 1132 1163 1170 sive:
1190 1132 1344 1181 ftnyere
1369 1132 1489 1171 lubet.
1516 1131 1793 1182 Gonicientis,
1819 1132 2052 1182 sumentis¹

228 1200 439 1246 tanquam
471 1209 625 1237 verum
658 1199 900 1238 statuentis
932 1201 1041 1248 erat,
1073 1201 1177 1247 apta
1207 1199 1341 1248 igitur
1366 1200 1634 1248 paratactico
1659 1199 1864 1248 loquendi
1890 1200 2054 1249 generi,

229 1274 284 1303 ex
325 1275 408 1312 quo
438 1266 723 1314 hypothetica
755 1268 798 1305 et
830 1266 1018 1305 relativa
1055 1266 1285 1305 enuntiata
1315 1267 1482 1306 sensim
1515 1268 1560 1305 et
1590 1266 1859 1315 pedetentim
1891 1266 2053 1315 prodie-

229 1329 376 1371 runtd.
433 1332 559 1381 Apud
606 1333 849 1373 Homerum
906 1335 971 1372 sic
1016 1335 1227 1383 usurpata
1270 1334 1497 1373 invenitur
1543 1343 1612 1372 ex.
1655 1343 1716 1381 gr.
1764 1333 1808 1371 in
1853 1332 2055 1372 versibus

229 1399 535 1447 sequentibus:

585 1461 627 1507 εἶ
657 1465 692 1505 δ’
728 1466 798 1519 ἄγε
829 1467 923 1518 μήν,
953 1467 1141 1519 πείρησαι

228 1533 332 1581 Quin
361 1544 449 1583 aye,
477 1535 715 1583 periculum
741 1536 814 1584 fac
844 1537 966 1575 modo
979 1538 1018 1574 le

582 1601 685 1652 δαὴρ
717 1597 800 1641 αὖτ’
834 1601 930 1652 ἐμὸσ
961 1596 1059 1653 ἧσκε
1089 1602 1337 1649 κυνώπιδοσ,
1367 1598 1412 1642 εἴ
1439 1598 1520 1640 ποτ’
1556 1600 1618 1640 ἐέν
1648 1614 1691 1653 γε

227 1668 327 1706 levir
357 1671 497 1707 autem
528 1679 646 1709 meus
676 1673 777 1723 erat,
809 1671 927 1709 crede
956 1669 1075 1719 mihi,
1107 1672 1195 1709 erat
1225 1670 1324 1708 olim
1337 1667 1368 1709 f.

345 1735 458 1774 Item
491 1736 535 1774 in
567 1738 708 1786 primo
740 1747 950 1777 versuum
982 1737 1281 1784 sequentium:

581 1800 658 1842 ἀλλ’
695 1801 735 1844 εἰ
767 1802 839 1855 μὲν
870 1804 1046 1843 δώσουσι
1075 1802 1196 1856 γέρασ
1228 1803 1459 1855 μεγάθυμοι
1491 1802 1647 1854 Ἀχαιοί,

581 1869 777 1921 ἅρσαντεσ
806 1871 906 1909 κατὰ
937 1871 1090 1921 θυμόν,
1120 1870 1231 1910 ὅπωσ
1260 1869 1448 1918 ἀντάξιον
1479 1869 1597 1909 ἔσται.

581 1938 617 1976 εἰ
647 1938 690 1977 δέ
726 1953 768 1977 κε
800 1938 853 1989 μὴ
886 1939 1057 1988 δώωσιν,
1088 1937 1163 1990 ἐγὼ
1196 1936 1239 1976 δέ
1269 1952 1338 1976 κεν
1369 1937 1492 1977 αὐτὸσ
1523 1936 1670 1986 ἕλωμαι

224 2005 294 2043 sed
335 2004 480 2044 Achivi
508 2016 668 2046 munus
698 2007 858 2046 dabunt
889 2007 1071 2055 quidem,
1103 2008 1147 2044 ut
1181 2006 1382 2055 arbitror,
1401 2035 1409 2045 .
1430 2035 1439 2046 .
1460 2017 1495 2051 .;
1524 2006 1561 2045 ei
1590 2015 1682 2043 vero
1713 2014 1798 2043 non
1827 2004 1934 2053 dent,
1966 2004 2051 2053 ipse

226 2071 331 2110 mihi
357 2082 575 2115 sumamff.

345 2139 598 2180 Cuiusmodi
624 2141 732 2180 locis
758 2142 899 2180 satius
924 2141 1056 2180 fuerit
1081 2140 1348 2190 particulam
1375 2138 1410 2178 εἰ
1434 2142 1616 2178 accentu
1633 2148 1799 2188 ornare,
1820 2138 2051 2187 emphasin

228 2206 344 2245 enim
391 2208 535 2255 habet,
579 2208 841 2257 praesertim
883 2209 927 2247 in
963 2209 1184 2247 locutione
1216 2208 1345 2246 modo
1377 2206 1512 2246 allata
1543 2205 1577 2244 εἰ
1607 2201 1675 2251 (εἶ)
1707 2202 1741 2244 δ’
1778 2204 1860 2257 ἄγε,
1890 2205 1935 2244 in
1967 2215 2051 2253 qua

226 2273 339 2312 idem
371 2273 590 2322 significat
621 2276 734 2322 quod
765 2276 908 2315 forma
939 2275 1154 2324 disyllaba
1186 2271 1245 2313 εἶα
1277 2271 1374 2313 cmll
1404 2274 1516 2322 apud
1548 2275 1762 2322 posteros.

347 2341 578 2381 Primitiva
608 2342 677 2381 vis
716 2343 898 2382 voculae
939 2343 974 2381 εἰ
1008 2343 1165 2382 ceteris
1200 2342 1309 2381 locis
1340 2341 1413 2380 ubi
1445 2341 1713 2380 indicativus
1743 2340 1879 2379 futuri
1911 2340 1951 2379 ei
1983 2341 2052 2379 est

227 2407 460 2446 adiunctus
506 2419 593 2448 non
640 2410 790 2449 minus
835 2412 988 2458 aperta
1034 2412 1103 2449 est
1143 2419 1274 2458 quam
1314 2409 1358 2448 in
1402 2409 1546 2448 verbis
1588 2409 1716 2447 modo
1757 2407 1907 2446 allatis
1938 2406 2048 2445 εἰ...

228 2473 414 2512 δώσουσι.
456 2475 687 2516 Commoto
728 2479 798 2516 est
834 2478 982 2516 animo
1013 2478 1085 2525 qui
1117 2478 1181 2516 sic
1211 2477 1423 2524 loquitur:
1457 2476 1722 2524 indignatur,
1756 2475 1950 2513 minatur
1982 2474 2051 2513 vel

227 2542 390 2581 irridet.
422 2543 500 2582 Ex.
534 2555 620 2591 gr.:

583 2607 623 2649 εἰ
655 2608 697 2648 δὲ
729 2611 777 2650 σὺ
811 2610 1024 2649 δηϊότκτοσ
1055 2608 1250 2664 ἀφέξεαι
1269 2640 1278 2650 .
1297 2641 1305 2650 .
1326 2641 1334 2650 .
1356 2641 1366 2660 ,

582 2674 704 2716 αὐτίκ’
740 2677 836 2727 ἕμῶι
866 2677 947 2716 ὑπὸ
980 2677 1096 2728 δουρὶ
1126 2677 1265 2717 τυπεὶσ
1296 2675 1376 2716 ἀπὸ
1409 2675 1546 2726 θυμὸν
1578 2674 1755 2715 ὄλὲσσεισ
1768 2673 1791 2714 ἱ.

583 2742 622 2784 εἰ
655 2744 698 2782 δέ
730 2760 794 2794 μοι
832 2741 883 2785 οὗ
915 2743 1085 2785 τίσουσι
1115 2746 1226 2796 βοῶν
1256 2741 1443 2797 ἑπιμεικέ
1480 2742 1670 2794 ἀμοιβήν,

317 2908 336 2926 a
362 2901 390 2926 A
417 2900 479 2928 796
505 2908 555 2936 sq.
725 2899 740 2929 b
766 2901 781 2934 ζ
803 2900 879 2929 244.
1053 2908 1070 2929 c
1093 2901 1124 2928 Γ
1144 2899 1196 2928 40.
1364 2897 1388 2927 d
1420 2898 1457 2927 L.
1482 2898 1600 2935 Lange
1624 2897 1666 2926 de
1692 2897 1840 2926 formula
1865 2896 2046 2926 Homerica.

230 2946 257 2977 εἶ
282 2951 313 2978 δ’
341 2951 405 2987 ἄγη,
428 2952 572 2990 Leipzig
593 2951 691 2982 1873.
894 2961 910 2981 e
933 2953 967 2981 A
994 2952 1076 2987 302;
1102 2950 1202 2980 codd.
1227 2952 1261 2985 nl.
1288 2951 1302 2987 ἓ
1331 2948 1421 2980 328⁸.
1443 2950 1529 2980 Nos:
1554 2959 1643 2979 maar
1662 2948 1745 2988 qoed
1765 2947 1871 2988 (Gall.
1895 2947 1931 2977 elz
1954 2945 2049 2986 bien),

229 3001 364 3043 beproes
381 3003 433 3033 het
456 3014 555 3035 maar.
739 3002 770 3043 s
790 3007 821 3034 Γ
842 3005 916 3034 180.
1137 3013 1158 3043 y
1185 3005 1219 3033 A
1247 3004 1433 3033 135—13‘1.
1457 3001 1590 3033 Similia
1614 3004 1694 3031 sunt
1715 3000 1818 3031 inser.
1843 3001 1933 3030 Oret.
1959 3000 2044 3029 4991

230 3053 354 3092 VI11¹⁷‚
386 3054 441 3084 Ar.
468 3057 557 3086 Plut.
582 3057 647 3087 470
678 3057 738 3092 al.;
763 3055 919 3094 elliptice
943 3055 1004 3093 (η’.
1020 3078 1049 3086 ..
1074 3055 1148 3085 bene
1170 3057 1228 3091 est,
1250 3055 1281 3085 si
1304 3065 1397 3085 vero.
1412 3078 1418 3085 .
1434 3053 1456 3095 )
1481 3054 1565 3084 talia
1596 3063 1663 3083 non
1687 3056 1768 3083 sunt
1791 3052 1895 3082 dicta.
1917 3051 2045 3081 Eadem

230 3105 363 3136 ratione
390 3112 556 3146 usurpata
587 3111 668 3139 sunt
698 3111 727 3139 οἴ
752 3122 785 3139 κο
815 3118 893 3139 cum
926 3109 1014 3139 subi.
1039 3110 1072 3138 Α
1097 3110 1159 3138 581
1187 3108 1242 3145 al„
1265 3110 1291 3138 εἰ
1310 3117 1388 3138 cum
1412 3110 1483 3146 opt.
1509 3109 1538 3136 Κ
1564 3108 1623 3137 111
1651 3107 1705 3143 al„
1729 3107 1756 3135 nl
1778 3107 1836 3146 γάρ
1863 3108 1889 3134 Θ
1912 3105 1976 3134 538
2002 3104 2046 3133 al.

362 3158 383 3191 h
407 3161 422 3195 §
445 3157 536 3190 328⁶.
717 3162 728 3190 ι’
751 3164 793 3191 Μ
815 3163 879 3191 248
903 3170 979 3199 sqq.
