2234 3443
217 142 236 179 1
244 141 270 179 0
994 147 1252 179 PRAEFATIO.

211 275 282 303 res
327 266 432 303 tunc
484 264 620 303 etiam
668 264 901 311 stetissea;
952 263 1081 303 Dores
1126 264 1476 313 Peloponnesum
1524 267 1719 306 nondum
1765 265 2036 315 invasisseb;

209 331 411 370 floruisse
438 331 632 380 Mycenas
645 337 672 380 ⁰,
705 330 907 379 Spartam
919 327 952 380 d,
982 330 1200 379 Sidonem;
1227 331 1413 370 Miletum
1433 332 1582 372 Cariae
1604 335 1756 373 urbem
1783 334 1836 373 ab
1857 333 2035 373 Ionibus

211 399 403 437 nondum
461 399 598 437 fuisse
656 400 967 446 occupatame;
1022 399 1198 437 telorum
1246 400 1485 447 ferreorum
1532 403 1608 439 aut
1653 403 1856 448 equitatus
1901 411 2034 441 usum

211 465 418 505 bellicum
461 476 545 504 non
588 465 725 504 fuisse
762 466 806 503 in
848 465 1099 513 regionibus
1141 466 1212 504 ubi
1251 466 1469 506 Homerus
1510 470 1714 507 versatus
1756 471 1837 508 est.
1880 468 1934 506 Et
1973 469 2036 507 sic

210 533 263 571 ad
296 533 439 571 XIIum
472 532 559 571 fere
592 534 694 571 ante
727 531 951 571 Christum
983 533 1210 572 saeculum
1238 535 1546 582 pervenimus;
1575 534 1728 574 Troiae
1755 537 1903 574 autem
1930 535 2037 574 illud

208 600 321 647 quod
364 601 410 639 in
452 600 587 638 Iliade
630 599 876 638 celebratur
908 600 1129 638 excidium
1163 601 1331 648 aliquot
1362 602 1552 640 saeculis
1589 604 1691 640 ante
1729 602 1941 641 accidisse
1973 604 2042 641 est

210 667 513 706 statuendum.

329 802 452 840 Nunc
484 802 705 850 tangenda
736 803 805 840 est
837 802 1038 850 quaestio
1069 803 1299 851 quaedam,
1332 814 1444 851 quae
1476 813 1607 852 saepe
1641 804 1709 842 est
1740 803 1954 842 ventilata
1985 803 2036 841 ab

209 868 275 916 iis,
325 869 397 916 qui
443 869 593 908 iliadis
634 872 678 908 et
721 869 945 917 Odysseae
988 870 1202 919 originem
1245 871 1315 910 vel
1363 871 1544 910 Homeri
1591 872 1787 910 aetatem
1834 871 2040 919 indagare

211 938 315 974 sunt
362 921 521 984 conati,
569 936 671 975 licet
718 936 821 975 illuc
878 946 965 975 non
1011 939 1232 986 pertineat
1288 948 1428 985 neque
1475 939 1527 977 de
1577 939 1708 987 poeta
1754 938 1904 976 eiusve
1950 940 2043 976 arte

210 1003 540 1051 disputantibus
572 1004 784 1052 profuerit
815 1005 1047 1052 quicquam
1082 1007 1159 1043 aut
1190 1006 1384 1053 potuerit
1415 1006 1636 1054 prodesse.
1667 1005 1865 1044 Dicimus
1892 1015 2042 1052 quaes-

209 1070 375 1109 tionem
402 1081 512 1118 quae
540 1073 608 1110 est
640 1072 691 1110 de
724 1074 879 1120 poetae
910 1073 1091 1120 eiusque
1125 1073 1374 1120 aequalium
1398 1074 1492 1112 sive
1516 1073 1674 1121 peritia
1699 1072 1792 1111 sive
1819 1072 2043 1120 imperitia

209 1137 254 1175 in
287 1139 380 1177 arte
412 1139 628 1177 scribendi
660 1141 705 1177 et
736 1139 923 1187 legendi.

330 1205 447 1254 Quae
488 1216 560 1244 ars
602 1206 675 1244 diu
717 1209 817 1245 ante
859 1206 1028 1245 natales
1069 1207 1219 1246 Musae
1263 1207 1455 1246 Graecae
1498 1209 1612 1247 inter
1643 1205 1848 1248 homines
1880 1206 2040 1246 floruit.

211 1271 322 1310 Nam
366 1273 409 1311 in
455 1270 687 1322 Babylonia
728 1274 856 1312 annis
905 1275 1004 1312 ante
1047 1274 1144 1313 Chr.
1177 1285 1221 1314 n.
1256 1275 1371 1313 3000
1404 1278 1451 1313 ut
1484 1276 1720 1314 minimum
1754 1275 2040 1322 scribebatur,

210 1340 254 1377 in
286 1339 469 1389 Aeyypto
501 1341 576 1379 vix
608 1342 825 1379 recentior
856 1341 940 1379 fuit
972 1342 1102 1380 huius
1134 1343 1243 1380 artis
1275 1353 1396 1392 usus,
1429 1342 1649 1382 Phoenices
1679 1344 1844 1391 autem,
1881 1342 1955 1389 qui
1986 1352 2042 1380 ex

213 1407 533 1455 Aegyptiorum
591 1409 730 1456 signis
788 1409 952 1448 crebris
1004 1413 1134 1457 atque
1187 1411 1386 1458 operosis
1438 1411 1708 1458 simpliciora
1755 1410 1912 1458 viginti
1957 1409 2042 1447 duo

211 1474 476 1513 effinxerunt
517 1477 560 1514 et
601 1486 702 1514 cum
745 1476 922 1515 Graecis
965 1476 1394 1527 communicaruntf,
1437 1478 1540 1526 quin
1582 1479 1682 1517 inde
1714 1478 1767 1517 ab
1800 1488 1916 1516 anno
1949 1477 2040 1515 fere

215 1543 327 1580 1500
373 1542 455 1581 hoc
496 1543 674 1581 invento
719 1543 883 1582 fuerint
922 1544 991 1582 usi
1034 1544 1325 1583 dubitandum
1368 1555 1453 1584 non
1499 1545 1685 1594 videtur,
1729 1548 1772 1584 et
1803 1545 1922 1583 illius
1953 1544 2043 1583 fere

213 1610 372 1648 aetatis
399 1610 576 1648 tabulae
603 1610 853 1659 complures
878 1611 1084 1650 inventae
1112 1614 1218 1650 sunt
1242 1613 1286 1650 in
1314 1612 1487 1651 urbium
1516 1612 1787 1651 Creticarum
1815 1611 2044 1650 ruderibus

212 1677 578 1726 vetustissimisy,
628 1687 714 1717 non
760 1679 1008 1717 Phoeniciis
1053 1681 1202 1718 tamen
1244 1680 1382 1728 signis
1424 1681 1662 1728 inscriptae
1705 1679 1781 1718 sed
1827 1679 2043 1718 hactenus

211 1742 420 1792 ignotislc.
466 1745 536 1783 Sic
578 1744 840 1785 confirmata
880 1747 1204 1794 quodammodo
1242 1750 1311 1786 est
1351 1748 1494 1796 opinio
1530 1748 1725 1796 ipsorum
1759 1747 2039 1794 Graecorum,

211 1814 353 1850 artem
381 1812 598 1851 scribendi
625 1813 792 1861 aliquot
818 1815 1048 1853 hominum
1078 1815 1303 1853 aetatibus
1331 1818 1433 1854 ante
1459 1815 1622 1854 bellum
1651 1815 1901 1864 Troianum,
1929 1814 2042 1862 quod

210 1879 385 1918 saeculo
418 1880 676 1918 duodecimo
707 1883 885 1929 gestum
918 1892 1016 1920 esse
1048 1882 1111 1920 illi
1144 1882 1485 1932 arbitrabantur,
1527 1883 1570 1921 in
1610 1882 1840 1922 Graeciam
1872 1882 2044 1920 illatam

211 1956 308 1985 esse
350 1945 714 1995 perhibentiumi.
768 1947 1063 1997 Chronologia
1103 1950 1238 1997 igitur
1279 1960 1365 1988 non
1409 1950 1692 1988 confutantur
1732 1960 1843 1997 quae
1888 1951 2042 1998 poetae

211 2015 382 2063 tragici,
411 2016 481 2053 sui
508 2016 606 2054 aevi
634 2026 780 2054 mores
806 2017 849 2054 in
879 2019 1106 2055 vetustum
1134 2017 1242 2056 illud
1271 2028 1430 2056 aevum
1458 2017 1792 2066 transferentes,
1821 2016 2044 2056 finxerunt

213 2083 264 2120 de
306 2083 510 2121 heroibus
553 2083 771 2121 scribendi
814 2085 907 2122 arte
952 2085 1057 2123 usis.
1098 2084 1168 2123 Sic
1201 2085 1462 2134 Aeschylus,
1497 2107 1550 2113 —-
1584 2087 1634 2123 ut
1663 2085 1900 2123 mittamus
1931 2093 2041 2131 quae

213 2149 325 2188 dixit
366 2149 417 2188 de
460 2150 720 2189 Prometheo
758 2150 1009 2189 litterarum
1043 2153 1374 2199 ceterarumque
1406 2153 1570 2190 artium
1605 2154 1862 2191 cunctarum
1894 2152 2041 2190 inven-

212 2215 343 2265 torej,
380 2239 432 2244 —
467 2217 673 2256 heroibus
706 2217 877 2256 Thebas
902 2218 1258 2266 oppugnantibus
1290 2219 1445 2257 tribuit
1478 2218 1642 2267 clipeos
1660 2219 1794 2258 variis
1826 2218 2042 2267 inscripti-

211 2285 368 2323 onibus
415 2280 646 2332 ornatossc3
695 2284 923 2333 Euripides
980 2285 1264 2324 Palamedem
1312 2288 1455 2324 artem
1503 2286 1719 2325 scribendi
1767 2287 2043 2334 excogitasse

213 2345 361 2400 dixitl,
406 2352 531 2390 cuius
568 2352 751 2390 fratrem
794 2352 979 2391 Oeacem
1018 2363 1123 2391 mox
1156 2363 1267 2391 novo
1300 2353 1477 2391 invento
1511 2363 1639 2392 usum
1673 2363 1782 2402 esse,
1817 2356 1865 2391 ut
1895 2349 2042 2392 herois

213 2429 366 2458 necem
398 2420 621 2458 nuntiaret
654 2420 767 2468 patri
800 2420 986 2468 Nauplio
1000 2428 1043 2461 m,
1077 2421 1220 2459 Simili
1254 2419 1441 2459 artificio
1465 2421 1508 2458 in
1542 2421 1629 2458 alia
1651 2421 1868 2469 Euripidis
1893 2420 2041 2459 fabula

212 2485 545 2534 significabatur
571 2496 731 2526 nomen
759 2487 917 2526 Thesei
931 2494 974 2535 η;
1003 2487 1242 2536 Hippolyto
1265 2491 1415 2527 autem
1442 2488 1671 2537 Euripideo
1696 2489 1832 2527 fallax
1853 2487 2042 2536 epistula

212 2554 451 2602 perniciem
478 2554 640 2604 intulit,
671 2556 714 2593 et
741 2554 973 2594 Erechthei
995 2577 1044 2582 —
1066 2557 1114 2594 ut
1142 2556 1323 2594 Periclis
1342 2578 1393 2583 —-
1414 2556 1619 2602 aequales
1645 2557 1820 2595 vetusta
1848 2556 2042 2595 carmina

303 2745 322 2764 a
346 2733 485 2764 Achivos
518 2735 610 2764 enim
639 2735 775 2764 vocavit
810 2735 979 2765 Graeciae
1011 2734 1154 2766 incolas.
1299 2735 1316 2765 b
1343 2746 1359 2765 τ
1385 2736 1460 2766 177.
1485 2734 1719 2774 Peloponnesi
1741 2743 1866 2765 nomen
1889 2734 2038 2764 Homero

217 2788 270 2818 est
294 2785 407 2825 Aryos,
432 2790 448 2816 1
479 2788 540 2817 141
566 2787 608 2816 al.
754 2796 771 2816 c
795 2790 826 2815 H
852 2788 913 2816 180
941 2787 983 2816 al.
1128 2787 1152 2817 d
1173 2787 1189 2817 δ
1216 2788 1257 2818 45
1281 2797 1331 2826 sq.
1484 2798 1501 2818 e
1524 2792 1552 2818 Β
1577 2790 1652 2819 868.
1806 2787 1829 2824 f
1847 2785 2039 2816 Phoenices

215 2842 323 2869 artem
357 2840 532 2870 scribendi
560 2849 601 2869 ex
636 2841 790 2878 Aegypto
827 2839 968 2869 duxisse
999 2839 1103 2871 etiam
1134 2843 1271 2871 veteres
1306 2842 1564 2878 intellexerunt,
1588 2841 1675 2872 Plat.
1701 2839 1846 2871 Phaedr.
1871 2841 1934 2869 2¹74
1958 2849 1984 2875 c,
2008 2838 2040 2876 d,
2067 2839 2076 2845 “

216 2893 325 2922 Tacit.
360 2894 445 2922 Ann.
480 2894 527 2923 XI
553 2895 605 2923 14.
736 2902 758 2932 q
782 2893 863 2930 Pag.
901 2894 984 2922 1311.
1120 2893 1139 2922 la
1167 2892 1308 2924 Certum
1345 2896 1461 2925 tamen
1486 2894 1624 2924 videtur
1662 2903 1730 2924 non
1766 2893 1913 2931 singulis
1947 2892 2039 2922 sonis

216 2953 317 2975 suum
354 2947 460 2975 fuisse
495 2947 647 2984 signum,
681 2945 743 2976 sed
779 2947 941 2975 consonis
977 2946 1177 2976 adhaesisse
1212 2947 1362 2984 vocales,
1398 2950 1437 2977 ut
1472 2949 1595 2985 postea
1628 2945 1882 2976 inlitteratum
1905 2944 2038 2983 Cypria.

350 2998 361 3027 i
384 2999 547 3028 Herodot.
571 2999 598 3029 V
624 2999 677 3028 58.
801 2997 822 3036 j
845 2999 968 3028 Aesch.
991 2999 1103 3028 Prom.
1126 3001 1190 3029 459
1216 3008 1291 3037 sqq.
1438 2999 1458 3029 k
1482 3001 1577 3038 Sept.
1603 3000 1679 3035 434,
1705 3001 1780 3029 646.
1923 2997 1936 3027 l
1958 2997 2038 3027 Eur.

217 3051 258 3081 fr.
282 3052 358 3080 582.
381 3052 424 3081 Et
448 3056 526 3081 ante
551 3050 753 3090 Euripidem
779 3048 999 3080 Stesichorus
1024 3052 1057 3080 in
1082 3051 1217 3081 Orestia
1242 3052 1386 3089 (Anecd.
1413 3051 1517 3081 Bekk.
1544 3051 1634 3089 783).
1768 3061 1793 3080 m
1819 3051 1873 3080 Ar.
1899 3050 2039 3080 Thesm.

217 3104 292 3141 770,
318 3105 392 3134 778.
528 3115 547 3134 n
574 3105 696 3134 Athen.
720 3103 795 3138 454,
820 3103 910 3132 infra
934 3112 1012 3141 pag.
1039 3105 1078 3134 18
1093 3115 1123 3133 α.
