2234 3443
243 214 326 251 276
772 220 825 247 on
864 217 1224 248 cONFORMATmNE
1257 217 1535 246 PRAESENTIS.
1892 208 1930 254 [ἓ
1966 209 2047 246 144

236 338 369 385 fuere,
403 345 470 374 ex,
504 345 566 383 gr,
596 333 778 384 δρᾶσείω,
807 331 1101 382 ναυμαχησείω,
1125 328 1337 379 ἐνδωσείω,
1363 331 1474 379 apud
1502 331 1742 370 Homerum
1769 331 2050 371 inveniuntur

239 404 459 453 primitiae
488 402 532 440 in
564 402 646 440 hoc
678 411 828 440 versu:

532 465 740 516 ὀψείοντεσ
772 466 898 505 ἀϋτῖίσ
929 464 995 503 καὶ
1027 462 1215 511 πολέμοιο
1242 461 1249 515 {
1279 460 1458 502 ...’κίον
1489 462 1678 514 ἆθρόοια.

357 539 405 576 In
446 542 570 584 -σιᾶν,
610 538 659 574 ut
701 536 966 574 comicorum
1010 532 1190 571 verbum
1234 534 1429 570 κλαυσιᾶν
1459 533 1553 571 sive
1583 533 1821 581 κλαυμάτων
1853 530 2054 583 Beroeam,

239 606 409 654 epicum
443 603 622 642 verbum
657 603 827 641 nullum
861 600 1035 640 desinit.

357 672 599 720 separatim
642 668 1027 709 commemoranda
1061 669 1165 706 sunt
1201 667 1334 705 verba
1364 677 1474 715 quae
1505 667 1549 705 in
1581 667 1679 713 -άζω
1717 667 1862 716 (-τάζω,
1896 667 2054 716 -στάζω,

238 741 401 786 -σκάζω)
435 738 641 777 desinunt
673 747 698 774 a
729 736 864 784 stirpe
898 735 1095 774 breviore
1128 735 1280 773 ducta:

354 805 448 855 ἕπω,
478 802 609 850 ὀπάζω
622 811 647 841 ⁶.
1205 799 1319 850 ἕλκω,
1349 799 1581 847 ἓλκυστάζω.

355 871 512 921 ὄνομαι,
537 868 709 916 ὀνοτάζω
723 868 754 906 d.
1205 869 1386 921 f(⁸)915⁰²‚
1417 867 1595 918 ῥυστάζω
1611 865 1640 905 f.

355 939 510 991 ἀγείρω,
555 936 759 989 ἀγυρτάζω
771 944 798 974 ⁶.
1201 935 1380 985 ἀλέομαι,
1410 933 1583 984 ἀλύσκω,
1613 933 1861 981 ἀλυσκάζωθ.

354 1007 472 1057 νεύω,
500 1005 712 1051 νευστάζω.
1200 1003 1380 1049 πτώσσω,
1410 1002 1623 1048 πτωσκάζω
1638 998 1668 1038 71.

355 1075 499 1113 Etiam
546 1073 728 1112 verbum
787 1070 1005 1122 ἀβροτάζω,
1052 1071 1175 1109 cuius
1222 1080 1309 1108 una
1354 1070 1496 1108 forma
1542 1067 1813 1120 ἀβροτάξομεν
1859 1071 2052 1109 aetatem

239 1143 352 1192 tulit,
385 1142 514 1180 huius
545 1140 629 1179 fuit
661 1139 838 1187 ordinis,
872 1148 975 1177 nam
1008 1148 1033 1176 a
1064 1138 1199 1186 stirpe
1233 1137 1351 1176 verbi
1384 1134 1598 1185 ἁμαρτάνω
1630 1138 1697 1175 est
1726 1137 1905 1176 ductum
1919 1136 1944 1176 i.

355 1209 386 1246 E
428 1208 572 1246 verbis
614 1207 657 1245 in
699 1205 834 1243 -ώσσω
877 1204 1177 1243 desinentibus
1219 1213 1355 1242 unum
1398 1204 1486 1242 iam
1529 1206 1926 1243 commemoratum
1974 1206 2054 1253 est,

236 1272 446 1323 πτώσσωᾸ,
477 1276 631 1313 natum
664 1284 686 1312 e
718 1273 853 1321 stirpe
885 1274 997 1319 π(ε)τ,
1028 1271 1141 1309 unde
1174 1271 1307 1309 etiam
1339 1268 1520 1319 πέτομαι,
1544 1270 1687 1320 πίπτω,
1712 1270 1870 1321 πτοιέω,
1895 1272 2054 1318 πτῆξαι,

235 1343 354 1392 πτώξ,
383 1341 538 1392 πτωχόσ
564 1341 876 1389 procreverunt
894 1336 926 1378 k.
955 1339 1080 1388 Apud
1106 1338 1346 1377 Homerum
1373 1338 1443 1377 hic
1469 1338 1687 1377 terminus
1712 1341 1893 1386 apparet
1917 1339 2052 1377 etiam

235 1413 279 1450 in
324 1409 504 1449 venandi
546 1409 676 1447 verbo
722 1403 943 1458 ἀγρώσσωῐ
972 1416 998 1444 a
1043 1405 1178 1453 stirpe
1221 1405 1341 1444 verbi
1383 1403 1550 1456 &yps'oem
1585 1405 1713 1444 ducto
1754 1407 1798 1444 et
1842 1406 1887 1444 in
1919 1406 2053 1445 verbo

238 1479 429 1517 incertae
471 1475 653 1523 originis
689 1474 945 1525 τιθαιβώσσω
959 1481 990 1509 n.
1022 1472 1295 1512 Recentioris
1332 1474 1434 1511 sunt
1468 1473 1565 1511 aevi
1595 1483 1705 1520 quae
1736 1474 1962 1521 praeterea
1992 1473 2055 1512 sic

240 1545 512 1584 conformata
544 1545 670 1581 sunt:
702 1541 951 1590 καρδιώσσω,
982 1540 1179 1589 λῑμώσσω,
1209 1538 1423 1588 ὑπνώσσω,
1454 1537 1690 1589 ὀνειρώσσω,
1725 1541 1768 1578 et
1797 1540 2056 1579 deminutiva

239 1611 504 1659 ἐξαπατύλλω,
536 1610 757 1658 πλανύττω,
788 1608 966 1647 similia.
1007 1607 1158 1656 Qualia
1189 1617 1274 1646 non
1306 1607 1391 1645 nisi
1422 1607 1592 1655 vulgari
1624 1607 1693 1646 vel
1723 1608 1869 1646 iocoso
1907 1606 2056 1655 generi

239 1680 406 1720 dicendi
438 1677 799 1718 conveniebanto.

355 1813 596 1853 Verborum
639 1812 930 1860 complurium
973 1811 1085 1849 aliae
1126 1810 1292 1848 formae
1334 1820 1359 1848 a
1390 1810 1525 1858 stirpe
1556 1810 1600 1848 in
1631 1824 1688 1858 -α,
1719 1809 1831 1849 aliae
1864 1820 1888 1848 a
1919 1809 2054 1859 stirpe

239 1884 282 1921 in
313 1882 383 1919 -αδ
415 1880 631 1920 desinenti
663 1881 768 1918 sunt
797 1879 975 1919 ductae:

355 1947 538 1999 ἀγαπάω,
567 1945 767 1997 ἀγαπάζω.
1202 1943 1428 1996 ful-vipoun,
1458 1943 1590 1992 -φάζω
1603 1951 1630 1980 ⁷.

355 2014 497 2063 ἀνιάω,
526 2011 687 2060 ἀνιάζω.
1204 2011 1376 2064 μῖσάωδ,
1405 2011 1568 2063 μῖσάζω.

355 2081 518 2130 divanio),
547 2079 715 2127 ἀντιάζω
727 2089 758 2118 1⁹.
1204 2074 1356 2128 ὀπᾶων,
1387 2075 1520 2124 ὀπάζοι)
1537 2078 1560 2116 ί.

356 2149 471 2200 βιάω,
501 2148 635 2199 βιάζω.
1204 2145 1333 2184 οὖτάω
1348 2160 1382 2194 u,
1412 2144 1574 2192 οὐτάζω.

353 2216 577 2267 γουυάομαι
590 2223 621 2262 q,
651 2214 850 2264 -νάζομαι.
1205 2212 1354 2262 πειράω
1368 2220 1399 2262 0,
1429 2212 1610 2262 πειράζω.

353 2283 499 2331 εὐνάω,
529 2282 692 2328 εὖνάζω.
1203 2280 1340 2330 omnim,
1372 2279 1515 2326 σκιάζω
1529 2289 1566 2316 ²0.

356 2350 614 2389 Addendum
663 2350 782 2387 esset
828 2349 1010 2387 verbum
1056 2345 1207 2396 ἀτῑμάω
1255 2348 1349 2386 sive
1394 2345 1580 2395 ἀτῑμάζω,
1625 2347 1710 2385 nisi
1752 2346 1866 2395 prior
1913 2346 2053 2384 forma

237 2419 464 2458 deberetur
504 2417 782 2455 librariorum
822 2416 1086 2454 erroribusr.
1118 2415 1248 2454 Verbi
1294 2415 1402 2463 epici
1449 2414 1606 2452 σκεπάω
1625 2410 1650 2450 ij
1696 2414 1807 2462 apud
1853 2414 2052 2462 posteros

325 2599 344 2618 a
368 2590 404 2620 Ξ
425 2589 465 2618 37
490 2597 540 2625 sq.
699 2586 714 2615 h
740 2587 795 2616 Ar.
821 2585 909 2616 Piut.
937 2588 1034 2616 1099.
1197 2596 1213 2616 c
1238 2585 1253 2624 ξ
1282 2586 1357 2615 247.
1539 2584 1561 2614 d
1585 2584 1600 2624 ἓ
1625 2582 1715 2615 305⁶.
1895 2593 1911 2614 e
1934 2584 1949 2623 ξ
1977 2585 2053 2614 255.

370 2639 428 2679 f§
455 2641 530 2669 293.
660 2649 681 2678 y
708 2637 723 2677 ξ
749 2640 841 2668 242¹.
987 2638 1007 2668 Ιι
1033 2638 1049 2677 §
1075 2638 1169 2668 238².
1194 2639 1325 2668 Similia
1348 2639 1430 2667 sunt
1451 2639 1597 2674 μολπάζω
1622 2637 1677 2667 Ar.
1702 2638 1784 2667 Ran-
1810 2637 1885 2673 379,
1908 2639 2053 2672 κυπτάζω

238 2694 325 2724 Nub.
351 2695 414 2723 509
439 2693 494 2728 al„
518 2693 653 2731 ῥιπτάζω
677 2691 755 2729 Lye.
780 2693 832 2727 27,
857 2693 1016 2726 κλαστάζω
1039 2692 1101 2729 Eq.
1124 2693 1198 2728 166,
1221 2692 1383 2731 δρασκάζω
1407 2690 1509 2720 Solon
1534 2690 1625 2728 apud
1649 2691 1728 2728 LyS.
1748 2691 1777 2720 X
1798 2689 1813 2728 ξ
1839 2690 1890 2727 17,
1910 2691 2052 2729 σαρκὰζω

239 2750 293 2781 (---
309 2745 504 2787 σαρ-σκάζω)
529 2747 582 2774 Ar.
609 2742 685 2773 Pac.
708 2745 784 2782 482,
804 2745 953 2781 χασκάζω
971 2745 1028 2778 (z
1042 2744 1216 2782 χν-σκάζω)
1236 2744 1340 2781 Vesp.
1360 2743 1436 2772 695.
1571 2742 1583 2771 i
1606 2740 1621 2780 ξ
1644 2740 1748 2772 149⁴7.
1873 2741 1895 2781 j
1918 2742 2004 2772 Nota
2020 2740 2051 2771 Ιι.

371 2798 390 2827 lc
415 2797 430 2836 ξ
457 2799 532 2827 216.
724 2795 737 2824 l
760 2808 771 2824 ε
796 2797 849 2825 53.
1041 2806 1067 2824 m
1092 2796 1233 2836 ἀγρετόσ,
1257 2796 1346 2835 ἄγρη,
1369 2797 1488 2834 -άγρια,
1511 2795 1554 2824 al.
1747 2804 1767 2823 n
1792 2806 1807 2823 ν
1837 2795 1909 2829 106,
1935 2793 1950 2833 §
1977 2795 2052 2823 139.

369 2860 386 2880 o
410 2851 491 2888 Pag.
517 2850 615 2879 2721.
853 2858 874 2887 p
900 2846 916 2886 ἓ
942 2845 1030 2883 2115,
1057 2849 1118 2877 fut.
1143 2850 1288 2882 ἀντιόω-ιν,
1312 2856 1380 2877 aor.
1405 2849 1558 2881 ἀντιάσαι,
1583 2855 1746 2884 praesens
1770 2846 1862 2884 apud
1887 2848 2055 2884 posteros.

370 2913 386 2943 q
412 2903 517 2933 Godd.
541 2906 720 2939 γουνοῦμαι,
746 2899 761 2938 §
788 2901 861 2929 191.
996 2911 1012 2929 r
1036 2900 1051 2939 §
1079 2901 1154 2930 265.
1288 2910 1304 2929 s
1330 2900 1448 2930 Solum
1474 2900 1587 2928 iterat.
1612 2899 1702 2929 med.
1724 2900 1901 2936 'fladonum
1921 2900 1952 2928 Ω
1976 2899 2051 2928 607.

372 2958 383 2984 t
408 2954 423 2993 §
449 2955 525 2985 247.
671 2965 691 2983 u
716 2965 736 2992 χ
763 2954 837 2982 356.
863 2954 941 2982 Aor.
967 2950 1042 2981 οὖτα
1068 2951 1083 2990 §
1110 2950 1197 2982 150⁹.
1343 2962 1360 2982 v
1386 2953 1474 2982 Hinc
1498 2961 1622 2982 novum
1647 2952 1791 2981 verbum
1817 2953 1977 2991 πειρητίζω
2000 2953 2053 2980 eet

237 3008 390 3037 ductum.
536 3018 562 3037 w
587 3007 687 3037 Solus
711 3006 861 3035 aoristus
886 3007 1010 3042 σκιάσηι
1037 3007 1071 3033 Φ
1095 3006 1170 3034 232.
1315 3015 1336 3034 ει·
1360 3015 1382 3034 n
1407 3006 1470 3035 307
1495 3006 1601 3041 ἀτῖμᾶι
1626 3004 1691 3041 leg.
1715 3005 1817 3038 ἀτίζει,
1842 3015 1864 3042 φ
1892 3004 1932 3032 99
1957 2999 2051 3037 ἀτῗμᾶ

238 3061 304 3096 leg.
328 3060 408 3094 ἄτιζε
433 3059 530 3095 (item
557 3059 660 3097 Soph.
687 3059 736 3087 Ai.
764 3058 877 3094 1129),
901 3065 928 3094 ψ
953 3058 994 3086 28
1019 3054 1135 3093 ἀτίμων
1158 3058 1223 3093 leg.
1247 3053 1403 3093 ἀτῖμασαν
1427 3059 1461 3086 et
1483 3065 1544 3094 pro
1572 3058 1700 3093 ἀήμησ-
1723 3055 1776 3085 vel
1802 3056 1925 3092 ἠτῑμησ-
1950 3056 1984 3084 Λ
2008 3056 2049 3084 94

241 3116 258 3141 Ι
280 3113 320 3141 62
345 3112 387 3140 al.
412 3112 479 3149 leg.
503 3113 653 3146 ἀτῑμασσ-
680 3110 757 3139 coll.
782 3106 932 3145 ἀιίμασεν
956 3111 989 3138 A
1017 3110 1068 3143 11,
1093 3111 1131 3138 ut
1154 3111 1286 3138 οὐτασσ-
1311 3118 1372 3147 pro
1396 3111 1506 3146 οὐιησ-
1532 3118 1550 3137 a
1574 3108 1679 3138 verbo
1703 3108 1819 3142 οὐτάζω
1844 3105 1963 3145 §150⁹.
1977 3106 2051 3136 Adi.

238 3161 387 3201 ἀιῗμηιοσ
413 3168 430 3193 Ι
453 3166 516 3194 648
543 3166 576 3193 Π
600 3164 640 3193 59
667 3172 685 3192 a
708 3162 811 3191 verbo
835 3164 934 3199 τῖμάω
959 3162 1100 3191 ductum
1125 3160 1210 3191 nihil
1235 3162 1388 3199 suspecti
1411 3161 1525 3190 habet.
1683 3159 1707 3199 ej
1731 3172 1746 3189 ν
1771 3161 1823 3189 99.
