2234 3443
107 192 131 237 ἓ
165 191 262 236 109]
385 201 440 229 DE
469 201 684 229 Fnssxiorm
715 201 951 230 VERBORUM
983 202 1335 232 OBSERVATIONES
1367 204 1634 235 GENERALES.
1833 198 1920 237 227

223 313 303 353 Vel
333 314 378 353 in
408 314 650 362 Penelopae
681 314 750 353 his
782 315 949 354 verbis:

459 387 557 427 ἀλλά
588 400 648 426 uo
679 386 858 439 ὀτρηρῶσ
889 390 1038 428 Δολίον
1074 387 1292 430 καλέσειε
1323 390 1487 442 γέροντα
1501 400 1533 431 α.

221 465 314 504 Non
360 465 477 504 enim
524 466 702 513 optantis
747 467 852 503 sunt
895 466 1014 514 haec,
1067 467 1142 504 sed
1184 466 1371 505 iubentis.
1401 467 1669 517 Quapropter
1700 479 1786 508 non
1817 471 1927 510 alter

102 532 327 580 optativus
358 534 426 571 est
457 532 780 581 subordinatus,
814 533 890 570 sed
921 533 1027 571 haec
1058 534 1164 571 sunt
1195 534 1365 572 addita:

1101 605 1206 658 ὄφρα
1237 607 1395 657 τάχιστα

458 672 635 723 Λαέρτκι
665 673 756 712 τάδε
780 673 911 711 πάντα
943 675 1212 724 παρεζόμενοσ
1243 672 1514 728 καταλὲξηι,

104 741 152 778 Ut
182 740 220 778 Si
250 740 401 788 regina
431 740 639 780 dixisset:
678 739 776 778 ἀλλά
807 752 867 778 τισ
899 740 1047 779 Δολίον
1078 740 1257 780 καλεέτω.

221 915 452 964 optativus
491 916 630 965 futuri
675 926 699 954 a
744 916 887 964 prisca
933 917 1053 964 poesi
1092 916 1175 955 fuit
1221 914 1431 958 alienusb.
1464 918 1713 959 Posteriore
1748 920 1924 960 demum

102 992 210 1023 aevo
252 985 294 1022 in
336 994 465 1023 usum
507 984 716 1022 orationis
753 983 966 1032 obliquae,
1010 994 1120 1031 quae
1156 994 1254 1022 rara
1296 984 1340 1023 in
1374 986 1506 1033 epicis
1539 987 1809 1027 carminibus
1845 989 1928 1027 fuit

101 1052 337 1099 structura,
371 1051 477 1089 haec
509 1050 743 1089 verborum
776 1050 916 1088 forma
947 1051 1129 1089 inventa
1162 1054 1230 1089 est
1243 1059 1270 1089 ε.

219 1234 435 1273 Praesenti
473 1235 670 1282 tempore
711 1234 754 1272 in
788 1233 917 1272 rebus
943 1234 1179 1282 praeteritis
1209 1234 1465 1273 enarrandis
1499 1236 1563 1273 uti
1593 1237 1799 1283 quoniam
1832 1249 1928 1287 poe-

99 1303 213 1341 ticae
261 1303 329 1340 est
374 1301 494 1348 artis,
543 1301 802 1349 praesertim
845 1301 953 1339 artis
996 1302 1155 1350 epicae,
1188 1311 1259 1339 res
1290 1301 1614 1350 praeterlapsas
1646 1304 1782 1343 veluti
1812 1316 1932 1354 prae-

101 1371 250 1409 sentes
289 1369 450 1407 animis
490 1368 763 1406 audientium
805 1368 1048 1417 obicientiS,
1091 1369 1288 1415 sequitur
1326 1370 1374 1406 ut
1406 1371 1448 1407 et
1483 1370 1684 1417 optativus
1714 1373 1930 1420 particula

102 1449 145 1474 κε
176 1438 370 1484 ornatuS,
402 1436 494 1473 sive
527 1435 684 1474 modus
710 1435 945 1483 potentialis
978 1436 1051 1482 qui
1083 1435 1255 1483 dicitur,
1290 1445 1315 1473 a
1345 1437 1486 1484 poetis
1515 1439 1715 1486 usurpari
1741 1441 1931 1488 potuerit

101 1503 175 1542 ubi
206 1503 372 1542 mentio
404 1500 528 1541 fieret
559 1502 804 1541 facinorum
837 1503 1003 1551 pridem
1037 1502 1368 1550 peractorumcl;
1403 1513 1471 1541 ex.
1505 1514 1590 1552 gn:

457 1574 545 1616 ἕνθ’
582 1575 630 1616 οὔ
663 1589 716 1617 κε
748 1577 933 1628 βρίζοντα
966 1575 1107 1631 είδοισ
1141 1577 1413 1629 Ἀγαμέμνονα
1447 1579 1549 1629 δῖον,

101 1651 160 1690 ibi
212 1653 554 1693 cunctabundum
606 1663 690 1692 non
746 1663 892 1692 cernas
938 1653 1300 1702 Agamemnonem
1318 1661 1346 1692 e.
1390 1654 1538 1703 Pergit
1586 1657 1733 1695 autem
1775 1660 1926 1706 poeta:

102 1719 255 1759 ἴππουσ
285 1718 358 1768 μὲν
388 1720 463 1772 γὰρ
499 1717 610 1760 ἔασε
646 1719 719 1758 κτὲ.

458 1795 601 1850 φαίησ
634 1808 687 1836 κε
719 1797 884 1842 ζάκοτόν
916 1795 954 1834 τέ
984 1793 1057 1834 τιν’
1094 1796 1260 1846 ἔμμεναι
1290 1795 1451 1846 ἄφρονά
1483 1794 1514 1835 τ’
1551 1795 1696 1843 uittam,

100 1863 257 1904 diaeeris
286 1864 451 1903 iratum
482 1875 564 1903 esse
589 1867 623 1902 et
653 1865 802 1902 mentis
833 1865 902 1902 vix
933 1867 1159 1912 compotem
1172 1862 1203 1904 f.
1237 1864 1444 1903 Additur:
1480 1860 1556 1902 ἀλλ’
1595 1863 1665 1905 ὅτε
1698 1864 1754 1919 δὴ
1786 1865 1862 1906 κτέ.

461 1931 660 1969 Τυδεΐὸκν
692 1930 740 1969 οὔ
773 1942 826 1970 κε
858 1929 1018 1984 γνοίησ
1049 1931 1251 1980 ποτέροισι
1282 1932 1426 1980 μετείη,

108 1997 232 2048 Tydei
260 1999 370 2040 filius
398 1999 506 2037 utris
536 1999 695 2037 intersit
727 2000 795 2036 vix
825 2006 1089 2046 coynoscasff.
1124 1999 1351 2046 Sequitur:
1384 1996 1511 2038 ’θ-ῦνε
1542 1997 1616 2050 γὰρ
1647 1998 1722 2038 mg.

219 2065 473 2106 Cuiusmodi
511 2066 620 2105 locis
640 2063 658 2093 h
696 2067 764 2105 vis
806 2067 991 2115 optativi
1022 2076 1108 2104 non
1141 2076 1192 2104 ea
1223 2072 1292 2104 est
1325 2076 1455 2113 quam
1488 2067 1651 2114 posteri
1683 2068 1931 2109 tribuerunt

103 2134 337 2182 praeterito
367 2133 616 2173 indicativi:
651 2132 726 2172 οὐκ
758 2131 807 2170 ἂν
839 2129 956 2183 εἶδεσ,
980 2132 1144 2182 ἔφησθα
1171 2131 1234 2181 ἅν,
1255 2132 1329 2171 οὐκ
1355 2131 1404 2170 ἂν
1431 2132 1569 2184 ἕγνωσ,
1593 2135 1669 2173 sed
1686 2135 1728 2174 id
1745 2136 1930 2177 interest

103 2200 216 2248 quod
246 2200 362 2239 inter
393 2200 629 2240 dictionem
662 2202 791 2250 vatis,
825 2201 894 2240 cui
925 2201 1086 2248 vivere,
1115 2201 1303 2250 moveri,
1330 2211 1443 2239 nunc
1469 2202 1614 2250 ipsum
1641 2203 1711 2251 agi
1728 2204 1932 2244 videntur

102 2277 401 2316 quaecumque
440 2271 603 2318 narrat,
649 2271 693 2308 et
735 2269 972 2308 dictionem
1005 2269 1267 2317 pedestrem,
1301 2269 1529 2318 humilem,
1562 2268 1804 2317 vulgarem.
1838 2272 1930 2310 Hac

105 2335 178 2383 qui
223 2335 375 2383 utitur,
420 2339 570 2375 mente
616 2336 712 2375 vult
757 2336 879 2375 addi:
923 2336 959 2373 si
998 2336 1214 2384 adfuisses.
1257 2336 1316 2373 At
1351 2337 1479 2383 poeta
1510 2335 1791 2386 facinoribUS,
1822 2348 1933 2385 quae

105 2401 250 2441 verbis
293 2401 438 2452 refert,
478 2413 631 2442 revera
671 2404 825 2443 adesse
866 2404 948 2442 sibi
982 2404 1154 2441 videtur
1185 2404 1228 2441 et
1264 2403 1417 2441 adesse
1449 2402 1545 2441 vult
1571 2413 1646 2442 eos
1676 2405 1748 2451 qui
1780 2414 1931 2444 aurem

103 2470 333 2518 praebent;
381 2472 640 2519 quapropter
686 2471 793 2510 locis
841 2471 1032 2509 laudatis
1074 2471 1138 2508 ita
1183 2472 1251 2508 est
1296 2470 1470 2508 locutus
1505 2472 1554 2509 ut
1590 2471 1707 2518 loqui
1744 2471 1931 2511 faciebat

106 2546 181 2575 eos
212 2546 320 2583 quos
352 2537 484 2575 verba
515 2537 727 2577 habentes
758 2538 946 2589 induxit,
978 2548 1046 2576 ex.
1082 2548 1145 2585 gr.
1177 2537 1429 2576 Nestorem:

578 2604 672 2643 οὐδέ
703 2602 746 2644 κ’
777 2603 831 2643 ἔτι
862 2603 1038 2658 γνοίησ,
1071 2604 1176 2653 μάλα
1207 2618 1280 2653 περ
1312 2604 1552 2654 σκοπιάζων,

463 2669 747 2722 ὁπποτέρωθεν
778 2671 923 2723 Ἀχαιοὶ
955 2670 1182 2721 ὀρινόμενοι
1213 2668 1478 2711 κλονέονται
1493 2669 1515 2710 ἑ.

195 2844 215 2864 α
239 2835 256 2864 δ
287 2835 363 2864 735.
393 2835 526 2865 Similia
559 2847 572 2864 ε
598 2836 636 2864 34
663 2846 678 2864 ο
704 2836 746 2864 24
771 2847 794 2864 ω
819 2836 882 2865 491
908 2835 969 2868 al.;
996 2834 1095 2865 tertia
1116 2835 1321 2873 praesertim
1346 2843 1494 2873 persona
1517 2835 1566 2864 sie
1590 2837 1644 2864 est
1668 2836 1844 2872 usurpata,
1869 2834 1931 2864 sed

109 2888 144 2916 et
171 2886 320 2923 secunda,
351 2896 402 2917 ex.
433 2896 482 2925 gr.
515 2898 530 2915 ν
554 2888 617 2916 229
643 2895 711 2925 sq.:
734 2888 825 2927 χαῖρέ
850 2898 881 2916 τε
905 2889 956 2916 καὶ
982 2891 1024 2925 μή
1046 2890 1100 2924 μοι’
1122 2897 1150 2917 τι
1175 2893 1271 2918 κακῶι
1295 2889 1365 2917 νόωι
1390 2889 1620 2927 ἀντιβολήσαισ,
1642 2884 1646 2926 Ι
1668 2888 1744 2917 ἀλλὰ
1769 2889 1848 2917 σάου
1869 2890 1932 2918 κτὲ.

240 2938 256 2968 b
279 2940 408 2969 Vitiosa
442 2941 476 2969 A
501 2941 561 2969 191
587 2938 667 2969 olim
694 2939 862 2970 edebatur
885 2939 1017 2980 ἐναρίξοι
1041 2939 1220 2970 codicibus
1243 2940 1361 2969 invitis
1385 2940 1488 2978 (corr.
1513 2939 1703 2977 Spitzner);
1730 2952 1747 2979 ρ
1772 2940 1835 2969 547
1861 2940 1931 2969 οὐδὲ

109 2990 313 3025 κε...ἆλὺξοι
336 2992 359 3021 l.
384 3001 412 3021 a.
436 2994 531 3022 recte
554 2991 671 3026 ἀλύξαι,
697 2992 714 3029 ᾗ
742 2993 817 3021 113.
979 3001 995 3022 c
1020 2991 1199 3022 Vetustius
1222 2992 1418 3030 exemplum
1443 3000 1545 3029 quam
1571 2994 1685 3029 σχήσοι
1709 2991 1808 3022 Pind.
1830 2992 1931 3029 Pyth.

109 3043 157 3073 IX
183 3045 245 3074 116
271 3052 338 3073 non
362 3047 467 3074 extat.
556 3043 580 3074 d
599 3046 636 3074 Δ.
660 3044 753 3074 Platt
777 3044 921 3075 Journal
944 3045 982 3075 of
1005 3042 1128 3076 Philol.
1150 3046 1249 3084 1898,
1273 3046 1313 3075 81
1339 3053 1414 3082 sqq.
1504 3053 1520 3073 e
1543 3047 1571 3073 A
1597 3045 1672 3074 223.
1762 3044 1786 3082 f
1804 3047 1835 3074 Γ
1855 3046 1931 3076 220-

238 3106 259 3135 9
286 3098 314 3125 Ε
335 3097 389 3127 85.
522 3096 542 3126 k
566 3095 680 3126 Ceteri
702 3097 770 3127 loci
793 3099 873 3126 sunt
897 3099 928 3126 Γ
950 3098 1013 3127 223
1037 3101 1065 3126 Δ
1091 3098 1167 3138 429,
1187 3098 1251 3127 539
1279 3099 1306 3126 Ε
1327 3097 1404 3136 311,
1428 3097 1492 3126 388
1517 3098 1560 3126 M
1580 3097 1620 3126 59
1648 3100 1680 3126 Ν
1702 3097 1777 3133 127,
1801 3098 1865 3127 343
1879 3106 1930 3136 sq.

116 3151 139 3176 ο
162 3147 225 3177 697
250 3150 278 3177 P
301 3149 354 3185 το,
379 3150 455 3186 366,
481 3150 543 3178 399
570 3162 583 3178 ε
608 3149 648 3179 74
675 3161 690 3186 η
715 3150 778 3179 293
805 3153 829 3179 θ
856 3150 920 3179 280
945 3163 953 3179 ι
980 3150 1043 3179 242
1070 3161 1085 3178 ν
1109 3150 1150 3180 87
1175 3150 1197 3179 1.
1223 3159 1250 3179 a.
1276 3161 1298 3188 φ
1325 3150 1386 3179 128
1413 3161 1434 3187 χ
1461 3150 1512 3179 12.
1649 3148 1720 3179 is
1741 3149 1782 3179 58
1807 3158 1857 3188 sq.
