2234 3443
920 177 1176 206 PRAEFATIO.
1903 162 1958 200 25

137 297 365 337 docuerint
405 295 599 336 ostendit
630 293 950 342 Aristophanes
983 291 1190 338 comicus,
1223 290 1267 327 in
1299 288 1424 327 cuius
1455 288 1602 326 fabula
1628 285 1965 325 Daetalensibus

138 366 261 413 pater
286 363 462 411 quidam
488 362 628 401 filium
657 372 678 400 e
701 360 1002 409 sophistarum
1028 358 1190 397 scholis
1207 358 1430 395 recentem
1449 356 1588 393 iratus
1604 355 1668 393 sic
1684 353 1961 401 increpabat:

256 429 360 480 πρὸσ
389 435 513 468 ταῦτα
541 429 590 468 σὺ
622 427 736 475 λέξον
760 424 936 477 Ὁμήρου
969 425 1055 476 ἐμοὶ
1086 425 1279 476 γλώσσασ.
1312 422 1350 461 τί
1378 425 1546 461 καλοῦσι
1577 421 1816 472 κόρυμβα;α

141 501 185 538 et
216 508 344 537 mox:

259 564 297 603 τί
325 560 483 603 καλοῦέ
518 562 701 614 ἀμενηνὰ
731 558 945 612 κάρηνα;ὂ

259 632 379 681 Quod
426 633 576 671 autem
622 630 739 670 filius
790 629 899 668 nihil
945 627 1162 668 eiusmodi
1203 637 1249 666 se
1292 625 1499 665 didicisse
1541 633 1679 671 neque
1722 623 1967 661 Homerum

139 699 340 748 ipsumve
381 701 553 748 patrem
596 699 831 746 quicquam
865 706 1018 735 curare
1049 694 1328 743 impudenter
1360 694 1428 731 est
1459 691 1694 741 professuS,
1727 690 1968 730 forensium

141 767 344 807 videlicet
372 767 650 806 verbulorum
680 766 821 813 magis
849 764 1013 812 peritus
1027 769 1054 811 0,
1085 761 1323 810 apparebat
1339 770 1440 799 eum
1459 760 1746 807 degenerasse
1764 755 1969 795 avirtute

142 835 362 874 maiorum
405 836 449 874 et
489 837 638 883 spreta
679 834 798 872 avita
834 832 909 870 illa
941 840 1174 880 puerorum
1206 829 1501 874 institutione,
1535 836 1665 874 quam
1699 825 1894 864 comicus
1926 822 1970 860 in

142 901 337 941 Nubibus
361 901 509 941 fabula
534 901 761 951 splendide
789 899 998 946 laudavit,
1026 898 1155 938 novis
1181 897 1523 945 perniciosisque
1545 893 1705 932 studiis
1722 902 1769 931 se
1785 891 1972 930 dedisse.

262 969 373 1018 Ergo
404 971 699 1009 Athenienses
730 968 816 1007 nisi
847 968 949 1006 data
974 977 1106 1015 opera
1132 965 1357 1004 discebant
1382 967 1556 1014 γλώττασ
1574 958 1975 1010 Ὁμηρικάσ,οειεοειε

143 1036 448 1085 obsoletasque
496 1038 595 1077 illas
642 1047 772 1076 voces
817 1035 1093 1084 ignorabant,
1144 1043 1329 1081 quarum
1379 1032 1446 1069 vis
1493 1040 1576 1068 non
1611 1029 1696 1067 nisi
1729 1038 1784 1066 ex
1817 1027 1973 1064 harum

144 1113 291 1143 rerum
332 1106 486 1153 peritis
527 1106 700 1154 poterat
742 1103 933 1143 rescisci.
977 1102 1025 1140 In
1057 1102 1157 1140 ludo
1190 1100 1404 1139 litterario
1437 1108 1511 1136 eas
1543 1107 1650 1146 puer
1681 1095 1892 1135 didicerat
1921 1092 1974 1142 is,

146 1180 276 1219 quem
319 1182 471 1211 senem
504 1183 604 1211 cum
637 1170 725 1210 filio
759 1180 906 1210 rerum
939 1179 1155 1208 novarum
1189 1167 1386 1206 studioso
1417 1166 1640 1204 rixantem
1673 1164 1717 1201 in
1749 1161 1975 1200 Daetalen·

147 1238 264 1277 sium
294 1239 444 1278 fabula
474 1240 798 1289 spectatoribus
830 1238 1076 1277 ridentibus
1107 1236 1301 1275 ostendit
1333 1234 1540 1273 comicus.

265 1306 366 1345 Mox
381 1310 530 1346 autem
548 1308 591 1346 in
610 1317 746 1345 unum
764 1316 922 1354 corpus
940 1315 1068 1344 voces
1087 1303 1348 1342 Homericae
1365 1301 1509 1348 colligi
1526 1301 1631 1338 sunt
1647 1300 1838 1346 coeptae,
1857 1297 1978 1335 scho-

146 1373 290 1413 larum
307 1376 567 1423 praesertim
584 1375 626 1414 in
646 1385 792 1413 usum.
807 1373 1064 1413 Cuiusmodi
1082 1381 1262 1420 operum
1281 1370 1392 1418 quod
1406 1369 1584 1407 nomine
1606 1367 1830 1415 cognitum
1850 1364 1975 1403 habe·

150 1451 279 1480 amus
306 1443 665 1491 antiquissimum
695 1442 869 1481 saeculo
896 1441 953 1479 V0
974 1440 1219 1488 composuit
1245 1437 1522 1477 Democritus
1539 1435 1825 1484 philosophus
1842 1432 1978 1472 Abde-

150 1509 257 1549 rita:
287 1508 375 1559 περὶ
393 1506 570 1560 Ὁμήρου
597 1507 621 1561 ἢ
654 1507 896 1558 ὀρθοεπείησ
919 1507 985 1546 καὶ
1011 1506 1220 1559 γλωσσέων
1235 1503 1267 1545 d.
1296 1505 1425 1544 Aliud
1444 1515 1469 1542 a
1486 1503 1659 1542 Phileta
1676 1502 1760 1541 Coo
1778 1502 1893 1539 circa
1910 1490 1981 1535 IVi

151 1578 317 1617 saeculi
333 1577 466 1617 finem
484 1579 779 1627 compositum
799 1576 1167 1617 commemoravit
1183 1575 1328 1613 Strato
1346 1575 1476 1621 poeta
1492 1572 1701 1620 comicus,
1721 1569 1795 1617 qui
1811 1569 1982 1617 patrem

151 1646 345 1685 familias
370 1647 543 1686 induxit
570 1647 620 1685 de
649 1656 785 1694 coquo
808 1646 944 1684 nimis
970 1645 1097 1683 docto
1124 1643 1289 1682 ludicre
1315 1642 1380 1680 sic
1406 1650 1556 1679 secum
1574 1637 1980 1688 expostulantem&

569 1711 698 1765 σφίγγ’
735 1709 882 1764 ἄρρεν’,
911 1712 959 1751 οὐ
987 1712 1192 1762 μάγειρον,
1222 1710 1280 1748 εἰσ
1312 1708 1384 1758 τὴν
1416 1707 1548 1746 οὶκίαν

569 1778 720 1832 εἴληφἼ
757 1778 893 1819 ἁπλῶσ
924 1779 998 1831 γὰρ
1031 1775 1127 1817 οὐδὲ
1153 1777 1200 1816 ἓν
1233 1776 1287 1827 μὰ
1318 1775 1414 1815 τοὺσ
1446 1773 1573 1813 θεοὺσ

571 1844 628 1888 ὧν
661 1847 711 1887 ἂν
743 1848 853 1901 λέγηι
885 1847 1062 1897 συνίημι.
1094 1844 1216 1884 καινὰ
1247 1844 1404 1896 ῥήματα

569 1915 865 1967 πεπορισμένοσ
895 1915 1096 1966 πάρεστιν.
1132 1912 1187 1952 ὥσ
1219 1912 1382 1962 εἰσῆλθε
1413 1911 1502 1962 γάρ,

573 1984 705 2024 εὖθύσ
736 1981 770 2034 μ’
806 1983 1035 2034 ἐπηρώτησε
1066 1980 1328 2032 προσβλέψασ
1359 1978 1468 2030 μέγα·

484 2074 538 2080 Ι

572 2052 761 2101 ,,πόσουσ
792 2050 990 2101 κέκληκασ
1022 2048 1203 2100 μέροπασ
1234 2046 1299 2086 ἐπὶ
1329 2047 1517 2092 ὃεῖπνον;
1549 2043 1674 2096 λέγε.“

573 2118 648 2172 ἐγὼ
680 2119 852 2170 κέκληκα
884 2118 1100 2170 μέροπασῐ
1125 2115 1190 2156 ἐπὶ
1221 2116 1404 2162 &lavem
1434 2114 1588 2165 χολᾶισῑ

572 2188 669 2227 τοὺσ
702 2185 744 2226 δὲ
775 2186 957 2238 μέροπασ
988 2186 1159 2225 τούτουσ
1189 2198 1235 2233 με
1266 2181 1520 2234 γιγνώισκειν
1552 2180 1706 2227 δοκεῖσ;

488 2280 539 2286 -
579 2254 750 2305 ,,οὐδεὶσ
780 2253 1019 2306 παρέσται;“
1054 2276 1106 2281 -
1140 2257 1256 2291 τοῦτο
1293 2249 1366 2302 γὰρ
1400 2248 1449 2299 νὴ
1482 2247 1551 2287 τὸν
1584 2247 1662 2286 Δία

575 2323 629 2362 ἔτι
658 2324 918 2373 κατάλοιπον,
947 2321 1125 2372 μέροπασ
1157 2318 1221 2359 ἐπὶ
1252 2318 1419 2357 δεῖπνον
1455 2318 1612 2355 καλεῖνΙ

490 2414 542 2420 -
575 2388 700 2441 ,,οὐδ’
734 2390 811 2442 ἄρα
843 2390 1032 2441 παρέσται
1065 2386 1269 2438 δαιτυμὼν
1301 2383 1437 2425 officia
1469 2383 1617 2431 ὅλωσ;“

577 2458 652 2498 οὐκ
683 2455 758 2498 οἶδ’
796 2458 916 2510 ἔγωγε
947 2452 1179 2506 Δαιτυμόν’.
1211 2453 1455 2505 ἐλογιζόμην·

580 2526 664 2578 ἥξει
699 2529 879 2577 Φιλῖνοσ,
911 2525 1120 2576 Μοσχίων,
1151 2523 1399 2573 Νικήρατοσ,
1605 2574 1607 2577 .

583 2592 603 2634 ὁ
635 2590 746 2644 δεῖν’,
776 2592 796 2633 ὁ
829 2594 1032 2643 δεῖνα,...
1064 2587 1144 2630 κατ’
1176 2586 1287 2640 ὄνομ’
1321 2587 1621 2640 ἀνελογιζόμην·

583 2663 656 2702 οὐκ
688 2657 739 2713 ἦν
771 2661 813 2701 ἐν
844 2661 984 2701 αὐτοῖσ
1016 2657 1110 2699 οὐδὲ
1141 2654 1200 2698 εἷσ
1234 2672 1301 2708 μοι
1334 2655 1561 2706 Δαιτυμών.

495 2752 551 2757 -
584 2728 721 2769 οὖδεὶσ
751 2728 957 2779 παρέσται,
987 2728 1102 2778 φημί.
1134 2749 1189 2754 --
1223 2725 1295 2776 „vl
1322 2724 1470 2776 λέγεισ;
1502 2719 1597 2761 οὐδὲ
1629 2716 1733 2766 εἷσ;“

585 2795 722 2848 σφόδρ’
759 2792 1016 2849 ἠγανάκτησ’,
1045 2795 1175 2844 ὥσπερ
1208 2792 1467 2845 ἠδικημένοσ,

261 2938 281 2958 a
304 2933 321 2958 1
343 2930 420 2960 241.
552 2927 568 2958 b
591 2941 608 2959 κ
634 2930 696 2958 521
719 2929 764 2958 al.
898 2936 913 2956 c
948 2926 1085 2964 Optime
1120 2925 1256 2962 cognita
1293 2923 1324 2953 ei
1349 2922 1416 2952 fuit
1439 2930 1480 2951 ex
1503 2929 1552 2958 gr.
1578 2920 1693 2958 prisca
1716 2926 1780 2948 vox
1805 2917 1896 2947 ῖδυῖοι
1920 2916 1994 2945 sive

172 2983 330 3022 μάρτυρεσ
357 2980 482 3022 (schol.
516 2985 551 3012 X
584 2980 675 3019 254).
807 2979 830 3010 d
851 2979 948 3010 Libri
979 2978 1181 3015 ceteroquin
1206 2975 1375 3013 incogniti
1397 2982 1520 3004 nomen
1545 2971 1689 3002 allatum
1710 2973 1765 3001 est
1788 2979 1807 2999 a
1838 2967 1994 3006 Diogene

176 3034 315 3064 Laertio
337 3035 386 3065 IX
409 3037 462 3066 48.
607 3045 623 3065 e
659 3034 782 3064 Athen.
821 3034 884 3063 382
908 3041 959 3070 sq.
984 3032 1079 3061 Kock
1103 3029 1156 3060 Fr.
1182 3030 1275 3060 Com.
1295 3029 1348 3057 III
1374 3029 1436 3057 361
1463 3036 1515 3064 sq.
1643 3023 1674 3064 f
1689 3024 1764 3055 Non
1790 3021 1994 3053 mortales—-

173 3088 227 3116 vel
252 3089 417 3125 quicquid
439 3089 591 3118 Homero
624 3087 711 3117 illud
745 3087 882 3127 μέροπεσ
916 3085 1081 3124 ἄνθρωποι
1115 3085 1187 3113 eive
1220 3082 1357 3123 μέροπεσ
1380 3083 1488 3120 βροτοί
1513 3077 1724 3117 significavit
1748 3092 1787 3096 —
1812 3074 1996 3111 intellegit,

173 3140 235 3170 sed
257 3151 330 3172 aves
352 3142 430 3171 illas
453 3142 580 3180 quibus
604 3141 742 3181 μέροπεσ
765 3147 890 3169 nomen
915 3140 998 3168 erat.
