2234 3443
152 174 176 219 5
208 172 277 220 54,
311 171 383 216 55]
767 180 822 208 DE
853 179 1171 209 DEcmNA'rroNE
1202 180 1354 208 PRIMA.
1890 171 1971 210 163

152 296 197 334 in
238 309 282 332 -α
323 295 579 334 desinentia.
613 294 811 349 Absurde
853 303 955 333 vero
999 293 1167 342 qenitivi
1206 294 1323 332 hunc
1363 294 1601 333 terminum
1643 295 1746 334 fecit
1787 297 1971 335 Aratus:

152 360 300 400 ἱππότα
328 360 461 411 φηρόσ
476 369 508 410 a,
542 364 586 400 et
616 361 751 400 dativi.
773 362 929 400 fecisse
960 361 1098 400 fertur
1128 361 1422 400 Antimachus
1435 360 1464 400 b.

271 494 472 534 Vocativi
512 495 558 533 hi
589 495 966 534 commemorandi
997 495 1122 533 sunt:
1156 493 1297 542 νύμφα
1329 493 1427 541 φίλη
1440 501 1468 542 0,
1499 492 1593 531 ἅττα
1607 494 1640 544 d,
1670 494 1814 532 πάππα
1846 495 1935 543 φίλε
1948 503 1975 534 e.

153 561 249 601 Vox
280 559 387 600 τέττα
418 571 504 600 uno
536 562 629 601 loco
661 562 790 600 obvia
821 562 1066 601 interiectio
1098 571 1195 600 esse
1227 561 1410 610 videtur,
1445 571 1528 600 non
1561 562 1792 601 vocativus
1804 559 1841 602 s.

271 691 299 747 ἓ
328 694 400 737 55.
432 695 663 734 Genitivus
702 695 1079 734 substantivorum
1121 695 1468 734 masculinorum
1510 695 1735 734 desinebat
1770 696 1812 734 in
1844 706 1976 735 sonos

151 772 259 811 -0‘109,
292 773 361 802 ex.
393 773 480 811 gr.:
517 762 669 814 Hfldoeo
701 762 902 809 πυλάρταο
916 759 948 809 7¹,
974 758 1184 799 Ὠκεανοῖο
1216 762 1484 811 βαθυρρεΐτᾶο
1499 760 1520 798 ἱ.

270 829 460 868 Elisione
502 829 572 868 hic
604 830 821 868 terminus
852 839 982 878 saepe
1018 830 1085 867 est
1116 828 1418 877 deminutusj;
1452 839 1560 877 quae
1594 831 1740 868 tamen
1774 830 1818 868 in
1849 832 1974 870 textu

151 896 314 935 tradito
347 907 430 936 non
464 898 644 946 apparet
673 897 927 945 deminutio,
961 896 1218 935 recentioris
1249 896 1366 935 enim
1399 896 1515 935 Iadis
1548 898 1763 935 terminus
1788 911 1857 956 {3²
1884 898 1978 937 sive

152 968 238 1010 -oel‘
267 972 482 1011 eiusmodi
512 972 620 1011 locis
652 972 922 1010 substitutus
954 973 1035 1019 est,
1063 972 1106 1010 in
1140 971 1409 1010 carminibus
1447 972 1636 1010 vetustis
1666 974 1841 1020 propter
1865 974 1979 1021 syni-

151 1036 299 1078 zesinl
343 1040 413 1079 vel
460 1040 806 1079 contractionem
855 1050 939 1078 non
987 1040 1203 1078 ferendus.
1253 1039 1468 1087 Exemplo
1511 1040 1568 1077 sit
1617 1040 1786 1087 primus
1829 1040 1978 1079 Iliadis

150 1116 306 1146 versus
335 1107 379 1145 in
411 1106 631 1145 codicibus
661 1107 724 1145 sic
754 1106 968 1155 scriptus:

625 1179 747 1220 μῆνιν
778 1172 897 1219 ἄειδε,
928 1174 1019 1221 θεά,
1051 1173 1291 1222 Πηληϊάδεω
1325 1176 1512 1223 Ἀχιλῆοσ.

270 1240 434 1289 Nempe
481 1241 695 1280 recentior
741 1242 811 1280 hic
857 1241 1073 1280 terminus
1115 1241 1291 1289 irrepsit
1331 1241 1375 1278 in
1417 1250 1571 1279 omnes
1608 1251 1763 1280 versus
1795 1243 1838 1279 in
1871 1252 1978 1290 quos

150 1308 338 1356 irrepere
366 1308 507 1356 potuit
520 1316 561 1347 m.
594 1308 675 1347 Hic
705 1308 795 1347 illic
826 1310 977 1347 tamen
1009 1309 1226 1356 genuinus
1256 1308 1471 1346 terminus
1507 1304 1616 1352 -ᾶ“(ο)
1645 1318 1698 1346 ex
1724 1309 1831 1356 ipsis
1856 1309 1979 1347 libris

152 1377 299 1424 potest
344 1376 543 1423 restitui;
592 1385 694 1414 nam
743 1376 983 1424 Πηληϊάδαο
1027 1377 1249 1425 Ἀχιλῆοσπ,
1290 1374 1454 1413 Αἰνείαο
1487 1373 1626 1424 ἕταρον
1641 1384 1670 1424 0,
1702 1376 1979 1414 Μενοιτιάδαο

151 1440 382 1491 ἀποτίσηιΡ,
414 1440 554 1480 ”Almo
587 1439 632 1480 ὃσ
664 1441 918 1493 Λελέγεσσιφ,
950 1442 1132 1491 Λαέρταο
1158 1438 1319 1480 ’fficium
1348 1441 1444 1487 ἔνιν,
1470 1442 1721 1490 Λαερτιάὸαο
1745 1439 1939 1494 Ὀδυσῆρσ
1953 1450 1981 1489 S,

152 1509 238 1547 alia
275 1519 384 1557 quae
415 1509 485 1548 his
516 1512 620 1548 sunt
652 1510 815 1548 similia
846 1510 890 1548 in
923 1510 1147 1548 nonnullis
1179 1512 1294 1548 certe
1330 1509 1655 1557 exemplaribus
1686 1510 1828 1558 prisco
1860 1520 1981 1549 more

154 1574 196 1614 ἐκ
227 1576 409 1625 πλήρουσ
442 1577 606 1624 scripta
637 1579 793 1615 extant
809 1576 833 1616 ί.

269 1643 319 1682 In
358 1644 537 1692 septimi
577 1644 776 1692 sextique
817 1654 855 1683 a.
900 1643 995 1684 Chr.
1038 1643 1313 1682 saeculorum
1350 1643 1492 1682 titulis
1523 1643 1621 1691 plus
1651 1643 1789 1683 semel
1819 1644 1980 1692 legitur

151 1711 336 1759 genitivi
368 1711 584 1750 terminus
614 1722 706 1764 -oefo
739 1712 833 1751 sive
865 1722 982 1763 -ufoz

504 1778 597 1816 υἱοῦ
633 1779 830 1831 Τλασίαρο
866 1778 1146 1827 Μενεκράτεοσ
1178 1777 1265 1816 τόδε
1298 1783 1404 1826 σῆμα
1418 1786 1450 1815 u,

507 1845 742 1898 Hoeotoid'afo
774 1845 817 1884 τὸ
849 1851 965 1893 σᾶμα·
1001 1845 1164 1894 Κράτησ
1195 1843 1319 1882 ἐποίει
1332 1853 1360 1882 ²⁷.

507 1909 624 1961 μνᾶμ’
659 1911 721 1962 ἐμὶ
753 1912 1072 1965 Πυρριάδα[ρο],
1101 1909 1148 1951 ‘do‘
1180 1911 1254 1950 οὐκ
1285 1910 1473 1961 ἠπίστατο
1506 1911 1668 1963 φεύγειν
1684 1921 1722 1949 ²0.

510 1980 675 2029 Πυρρόσ
706 1977 742 2027 μ’
776 1979 962 2029 ἐποίησεν
995 1979 1223 2031 Άγασίλκρο
1236 1987 1268 2016 1.

154 2044 344 2094 Quorum
378 2047 607 2085 nominum
640 2057 775 2086 sonus
805 2062 835 2099 f
867 2057 953 2086 non
984 2047 1134 2095 suffixo
1164 2046 1363 2094 proprius
1396 2045 1491 2093 fuit,
1525 2045 1600 2084 sed
1631 2043 1811 2093 stim-piis}
1844 2047 1980 2085 nomi-

152 2112 332 2151 nativus
362 2113 496 2161 igitur
527 2114 565 2152 si
597 2115 749 2153 eadem
781 2115 949 2153 ratione
981 2114 1197 2153 formatus
1230 2115 1416 2161 extaret,
1446 2113 1662 2152 desineret
1694 2113 1737 2151 in
1768 2124 1860 2151 -oevo
1887 2114 1981 2152 sive

152 2191 265 2229 -κυσ,
314 2182 357 2219 et
412 2182 673 2221 conferenda
710 2184 832 2221 .sunt
883 2192 993 2228 quae
1040 2182 1082 2219 in
1131 2180 1398 2220 carminibus
1445 2180 1578 2228 epicis
1624 2182 1835 2228 usurpata
1881 2182 1983 2219 sunt

155 2247 335 2286 nomina
365 2248 591 2287 biformia:
629 2250 876 2295 Ἀντιφάτκσ,
909 2259 997 2287 acc.
1032 2251 1346 2299 Αιιτιφατῆ(];)α,
1376 2247 1462 2286 alia
1475 2256 1505 2286 Ζ.

272 2313 321 2352 In
347 2315 707 2364 inscriptionibus
727 2317 945 2355 Boeoticis
968 2316 1174 2363 leguntur
1195 2315 1379 2362 genitivi
1397 2314 1688 2365 Ἀγαθαρχίδᾶο
1703 2321 1733 2363 a,
1751 2315 1939 2353 Ἀθᾱνίᾱο
1950 2313 1984 2363 b,

243 2445 262 2464 a
284 2436 377 2465 Arat.
401 2437 528 2467 Phaen.
549 2439 624 2468 664.
760 2437 776 2466 b
800 2438 927 2468 Anecd.
954 2438 1056 2466 Bekk.
1086 2438 1182 2466 1187.
1206 2437 1273 2467 Sed
1297 2437 1444 2466 fortasse
1468 2443 1652 2475 κυανοχαῖτι
1677 2438 1865 2476 scripserat
1886 2439 1980 2467 Anti-

155 2487 309 2517 machus.
465 2498 482 2519 o
511 2493 542 2519 Γ
569 2491 632 2520 130
664 2491 682 2520 ὁ
714 2491 789 2526 743,
813 2500 831 2520 a
855 2491 1063 2520 nominativo
1089 2493 1193 2529 νύμφη
1358 2488 1381 2519 d
1403 2493 1422 2519 Ι
1444 2490 1507 2519 607
1534 2489 1577 2519 al.
1732 2498 1748 2519 e
1773 2491 1788 2524 ζ
1812 2491 1863 2524 57,
1888 2490 1979 2520 unde

155 2542 334 2575 παππάζειν
360 2544 386 2570 E
409 2543 485 2572 408.
641 2542 664 2579 f
684 2546 711 2572 A
737 2544 812 2572 412.
965 2553 987 2582 q
1011 2541 1178 2572 Primitus
1203 2543 1267 2571 suit
1288 2553 1381 2571 -ασιο,
1546 2541 1566 2570 ll
1589 2545 1604 2570 λ
1631 2542 1705 2572 277.
1864 2543 1877 2571 i
1898 2543 1979 2572 Hes.

156 2592 285 2631 Theog.
311 2594 385 2624 266.
528 2594 550 2634 y*
574 2595 591 2631 ξ
618 2597 669 2626 13.
825 2595 845 2625 lc
869 2596 955 2625 Inde
987 2605 1005 2625 a
1026 2597 1174 2633 septimo
1199 2595 1241 2624 ad
1268 2595 1446 2624 minimum
1473 2595 1611 2624 saeculo
1634 2595 1736 2624 Iones
1760 2595 1922 2632 genitivis
1945 2595 1979 2622 in

159 2657 210 2674 ·εω
241 2649 276 2675 et
305 2647 376 2675 -έων
401 2646 640 2677 desinentibus
663 2650 745 2678 sunt
766 2649 832 2683 usi,
857 2649 960 2678 inser.
984 2648 1069 2677 5423
1096 2650 1188 2684 (pag.
1214 2649 1253 2677 61
1268 2646 1308 2683 b),
1331 2647 1429 2686 5352,
1450 2648 1548 2682 5431,
1570 2648 1667 2683 5508,
1689 2647 1732 2676 al.
1870 2646 1884 2675 l
1904 2646 1922 2684 ξ
1949 2650 1977 2676 8.

290 2709 318 2727 m
344 2697 426 2736 Pag.
451 2701 491 2728 66
505 2709 542 2735 a;
568 2699 702 2738 primus
722 2709 792 2730 rem
814 2702 990 2738 perspexit
1010 2699 1152 2737 Knight.
1286 2710 1306 2729 n
1330 2711 1353 2729 ω
1369 2701 1419 2729 15.
1555 2709 1572 2729 ο
1596 2699 1709 2729 Ε534.
1839 2710 1862 2738 p
1888 2703 1910 2728 Σ
1926 2701 1976 2729 93.

288 2761 307 2790 q
344 2754 378 2781 Φ
415 2753 471 2782 86.
502 2753 688 2791 Vulgatum
718 2753 837 2782 ’Ἀλτεω
868 2754 954 2783 duas
984 2754 1027 2783 ob
1052 2761 1175 2782 causas
1199 2753 1280 2781 ferri
1304 2753 1435 2790 nequit,
1458 2761 1537 2789 pag.
1562 2753 1602 2781 82
1617 2762 1647 2781 n.
1827 2761 1844 2780 r
1868 2765 1877 2780 ι
1903 2752 1977 2782 505.

290 2817 306 2837 s
328 2818 351 2836 π
378 2808 452 2838 104.
636 2813 649 2839 t
672 2811 753 2848 Pag.
780 2794 923 2839 ‘Ns-78.
946 2810 1057 2839 Verba
1083 2809 1117 2838 in
1141 2808 1390 2838 commentario
1415 2809 1457 2838 ad
1484 2811 1516 2837 Φ
1541 2808 1656 2844 (Iliad.
1685 2810 1780 2842 1912,
1807 2809 1852 2838 IL
1878 2811 1913 2846 9)
1938 2818 1978 2838 ex

158 2857 197 2887 Vi
217 2861 345 2890 saeculi
365 2862 517 2891 carmine
537 2861 636 2900 epico
655 2863 758 2892 allata
779 2864 968 2902 αργυροδινα
989 2861 994 2902 1
1016 2874 1153 2892 wueoevov
1171 2862 1414 2900 Wackernagel
1436 2862 1557 2890 scribit
1572 2858 1824 2901 ἀργυροδίνα’(ο)
1834 2861 1979 2891 Ὠκεανοῦ

159 2911 316 2950 Sprachl.
341 2914 477 2943 Unters.
504 2916 601 2951 1916,
627 2917 700 2945 163.
837 2926 857 2945 u
881 2915 988 2944 Inscr.
1013 2915 1148 2951 Corcyr.
1174 2915 1270 2944 3188.
1406 2924 1423 2943 v
1444 2914 1553 2944 Rhod.
1578 2913 1678 2942 4247.
1811 2923 1838 2943 w
1862 2911 1980 2944 Herm.

161 2965 258 3001 1885,
313 2967 387 2995 158.
433 2967 505 2996 Nisi
551 2979 628 3005 -afo
672 2968 831 3003 legimus,
875 2968 1069 2996 litterarum
1116 2967 1348 2996 anfractarum
1383 2965 1530 3003 vestigia
1565 2966 1688 3001 secuti,
1722 2966 1792 2995 ruit
1821 2969 1980 2996 metrum.

292 3027 313 3046 ,τ
335 3018 472 3059 Enb.(?)
499 3020 596 3056 5292,
621 3029 700 3058 pag.
726 3019 816 3058 5793
841 3020 947 3048 simili
968 3017 1120 3051 ,venitivo
1140 3020 1281 3060 Βριάρηο
1302 3027 1386 3048 usus
1406 3020 1461 3048 est
1478 3018 1617 3055 Ibycus,
1637 3019 1750 3056 Etym.
1771 3019 1816 3048 M.
1837 3019 1911 3054 213,
1926 3020 1979 3050 23.

292 3069 316 3109 z‘j
341 3070 472 3100 Ahrens
496 3070 618 3101 Philol.
644 3073 742 3107 1878,
767 3073 830 3101 200
855 3081 930 3109 sqq.
954 3072 1009 3109 (=
1021 3072 1067 3102 kl.
1092 3072 1188 3103 Schr.
1205 3070 1325 3108 1284).
1459 3080 1475 3099 z
1501 3070 1517 3107 §
1541 3070 1591 3100 76.
1728 3080 1747 3100 a
1771 3072 1887 3102 Boeot.
1903 3073 1979 3102 528.

291 3123 314 3151 b
338 3122 426 3154 Ibid.
451 3126 527 3154 398.
