2234 3443
217 195 269 231 14
990 202 1245 230 PRAEFATIO.

212 315 334 363 epica
375 314 543 362 aliquot
581 316 768 355 saeculis
806 317 908 354 ante
942 315 1112 354 Solonis
1143 317 1335 354 aetatem
1369 316 1531 364 scripto
1562 316 1771 354 mandata
1802 326 1898 355 esse
1928 317 2035 355 arbi-

211 382 457 421 trabantur.
518 382 571 420 Et
632 383 880 431 Terpander
941 382 1123 421 Lesbius
1177 383 1314 421 fertur
1373 383 1555 422 Homeri
1611 383 1806 422 carmina
1860 384 2036 423 saeculo

212 448 312 487 VII0
341 449 523 487 ineunte
556 449 791 497 Spartiatis
825 451 876 487 ad
911 449 1126 487 citharam
1161 449 1417 487 cecinissea.

330 516 410 554 Sed
452 516 686 555 redeamus
733 517 785 554 ad
834 515 1052 564 Solonem,
1098 516 1150 554 de
1193 525 1277 563 quo
1319 525 1430 563 quae
1462 516 1624 554 tradita
1657 517 1921 566 accepimus,
1952 516 2035 556 fide

211 583 354 630 magis
395 584 501 621 sunt
532 583 674 630 digna.
708 583 850 621 Huius
882 583 1014 631 igitur
1045 582 1118 621 lex
1149 583 1294 622 effecit
1326 584 1373 621 ut
1405 583 1556 630 quinto
1588 592 1758 631 quoque
1789 594 1900 623 anno
1933 585 2036 624 Ilias

212 651 256 688 et
303 649 499 697 Odyssea
546 660 600 688 ex
646 650 796 688 ordine
840 652 883 688 et
923 651 1121 697 integrae
1163 649 1507 689 Atheniensibus
1546 650 1894 690 declamarentur
1924 652 2037 690 festo

212 716 619 755 Panathenaeorum
633 715 662 755 b.

329 784 455 822 Multi
501 786 650 822 autem
698 784 845 822 ferunt
893 786 1068 822 vetusta
1113 783 1189 822 illa
1230 786 1440 832 poemata
1478 794 1583 823 mox
1625 794 1650 823 a
1689 784 1908 824 Pisistrato
1939 796 2036 825 esse

211 850 371 888 collecta
416 851 484 889 vel
529 851 765 890 ordinatae.
811 850 943 889 Cuius
983 851 1130 889 famae
1164 861 1272 898 quae
1303 852 1361 890 sit
1393 850 1500 890 fides
1532 850 1768 901 dubitatur,
1802 853 1902 899 quia
1934 855 2036 892 ante

212 916 462 956 Ciceronem
511 919 582 965 qui
628 919 692 956 rei
738 919 1006 957 mentionem
1054 918 1208 957 fecerit
1247 918 1510 957 nominatim
1555 918 1738 958 indicari
1779 929 1906 958 nemo
1947 920 2035 958 iam

210 982 400 1032 potestd.
444 985 525 1023 Sed
567 987 616 1023 ut
657 986 715 1023 sit
758 986 1022 1037 certissima,
1056 982 1238 1024 minime
1270 985 1368 1024 inde
1400 986 1598 1033 sequitur
1631 987 1827 1025 carmina
1858 986 2039 1026 Homeri

209 1052 314 1091 tunc
357 1053 550 1101 primum
594 1052 746 1100 scripto
792 1053 999 1090 mandata
1045 1059 1166 1100 essee,
1211 1053 1371 1091 nedum
1413 1053 1517 1091 Ilias
1559 1056 1602 1092 et
1641 1054 1837 1102 Odyssea
1875 1056 1981 1093 tunc
2012 1065 2035 1093 e

208 1121 424 1168 poematis
470 1120 583 1157 inter
624 1130 671 1158 se
703 1129 788 1158 non
822 1120 1169 1168 cohaerentibus,
1204 1129 1313 1167 quae
1346 1129 1482 1167 usque
1515 1121 1569 1177 ad
1601 1121 1708 1160 illud
1739 1124 1918 1169 tempus
1949 1132 2034 1160 non

209 1188 294 1226 nisi
324 1189 367 1226 in
395 1190 623 1226 cantorum
655 1197 728 1225 ore
755 1187 987 1238 vixissent,
1019 1188 1220 1235 confectae
1251 1187 1415 1226 fuerint
1447 1197 1472 1226 a
1499 1188 1605 1226 viris
1632 1188 1855 1227 nonnullis
1882 1189 2033 1239 doctis,

209 1255 366 1302 quibus
398 1256 480 1293 hoc
511 1255 737 1302 negotium
771 1265 795 1292 a
828 1254 1059 1293 Pisistrato
1092 1256 1210 1293 esset
1241 1255 1569 1294 demandatum.
1599 1256 1743 1295 Immo
1775 1257 1826 1294 de
1857 1257 2038 1296 restituto

209 1323 357 1361 ordine
388 1322 632 1361 carminum
661 1322 903 1370 priscorum
931 1324 974 1360 et
1006 1322 1058 1360 de
1090 1323 1336 1361 coniunctis
1367 1324 1508 1362 denuo
1541 1333 1650 1370 quae
1680 1334 1779 1362 casu
1811 1324 1972 1363 divulsa
2002 1327 2037 1363 et

207 1399 358 1438 sparsa
395 1391 556 1437 essent,
591 1390 762 1428 veteres
788 1389 1039 1438 loquuntur,
1067 1392 1235 1428 certum
1258 1391 1390 1437 igitur
1407 1391 1596 1437 aliquem
1614 1391 1810 1430 ordinem
1828 1392 2038 1439 primitus

208 1458 344 1497 fuisse
392 1458 652 1501 statuentes,
695 1466 824 1504 quem
867 1456 1094 1495 turbatum
1139 1467 1235 1495 esse
1266 1458 1369 1496 dum
1403 1458 1600 1496 carmina
1629 1458 1672 1496 in
1706 1468 1778 1497 ore
1810 1462 2036 1498 cantorum

209 1525 588 1573 circumferuntur,
634 1524 732 1563 dein
779 1524 1000 1563 Pisistrati
1046 1534 1148 1563 cura
1194 1525 1358 1563 iustum
1404 1525 1546 1574 illum,
1594 1536 1725 1573 quem
1772 1527 1864 1575 ipse
1905 1528 2037 1574 poeta

210 1592 530 1639 constituisset,
564 1591 761 1630 ordinem
794 1601 892 1630 esse
918 1591 1282 1639 redintegratum.
1311 1592 1426 1641 Quae
1453 1593 1490 1631 si
1517 1603 1571 1631 ex
1597 1603 1700 1632 vero
1729 1597 1832 1632 sunt
1858 1593 2035 1643 tradita,

210 1661 391 1707 apparet
432 1658 811 1697 Pisistratidarum
845 1661 1042 1707 tempore
1074 1659 1262 1698 Athenis
1292 1669 1470 1707 operam
1503 1670 1598 1698 esse
1630 1660 1778 1698 datam
1812 1663 1861 1699 nt
1889 1661 2038 1709 proba—

209 1726 355 1764 biliter
401 1726 741 1764 constitueretur
779 1727 939 1764 'textus
984 1725 1132 1764 Iliadis
1173 1728 1216 1764 et
1256 1726 1476 1774 Odysseae
1508 1726 1678 1775 publice
1714 1728 2034 1766 recitandarum

209 1793 322 1832 ludis
369 1792 722 1841 Panathenaicis,
770 1792 845 1840 qui
891 1792 981 1830 ludi
1028 1795 1103 1831 aut
1144 1793 1341 1832 instituti
1383 1797 1487 1832 tunc
1526 1796 1631 1832 sunt
1661 1796 1739 1833 aut
1771 1794 2040 1842 splendidius

211 1871 342 1908 quam
375 1862 507 1898 antea
538 1859 786 1898 instaurati.
819 1859 968 1907 Neque
1000 1859 1131 1899 habet
1163 1870 1215 1899 ea
1246 1871 1316 1899 res
1348 1861 1460 1908 quod
1492 1861 1829 1900 admirationem
1863 1864 2040 1900 moveat

210 1930 285 1966 aut
331 1928 423 1966 veri
469 1926 685 1965 dissimile
731 1924 975 1967 videaturf.
1017 1927 1159 1966 Immo
1201 1929 1312 1966 ratio
1344 1928 1448 1966 tulit
1477 1930 1523 1966 ut
1555 1928 1768 1967 eiusmodi
1800 1929 1902 1976 quid
1933 1932 2038 1968 tunc

297 2100 317 2118 a
351 2089 440 2118 Plut.
477 2089 520 2118 de
554 2090 642 2119 Mus.
678 2091 708 2125 3,
741 2091 770 2125 5,
803 2091 833 2119 6.
970 2088 986 2118 b
1010 2090 1083 2119 Non
1108 2092 1143 2118 et
1165 2088 1233 2118 alia
1257 2090 1409 2119 carmina
1437 2091 1536 2128 epica
1560 2090 1742 2127 cogitanda
1767 2098 1842 2119 esse
1865 2091 2038 2119 testantur

209 2140 359 2178 Lycurgi
393 2141 542 2170 oratoris
574 2142 678 2171 verba
703 2150 790 2179 quae
814 2149 893 2180 pag.
921 2143 960 2171 15
985 2145 1066 2171 sunt
1089 2142 1211 2178 allata;
1235 2151 1303 2172 non
1329 2143 1442 2172 solum
1469 2146 1584 2172 autem
1608 2142 1765 2177 Iliadem,
1788 2141 1850 2171 sed
1873 2146 1907 2172 et
1931 2141 2038 2178 Odys-

210 2202 315 2229 seam,
352 2193 501 2223 efficitur
536 2203 576 2223 ex
607 2194 689 2223 Ioue
716 2195 870 2223 Platonis
896 2196 930 2223 et
954 2203 972 2223 e
998 2195 1083 2224 Xen.
1109 2195 1212 2224 Conv.
1239 2195 1257 2224 3
1282 2196 1297 2232 g
1325 2196 1342 2224 5
1364 2203 1415 2232 sq.
1549 2204 1565 2225 c
1588 2195 1800 2224 Testimonia
1823 2194 2040 2232 collegerunt

210 2246 301 2276 Wolf
335 2244 469 2284 Proleg.
496 2247 570 2282 143,
596 2247 818 2284 Sengebusch
842 2247 934 2276 Dias.
957 2248 1058 2277 Hom.
1083 2247 1117 2276 ΙΙ
1141 2248 1181 2277 27
1207 2257 1295 2285 sqq.‚
1320 2246 1430 2277 Cauer
1455 2247 1694 2285 Grundsragen
1719 2247 1779 2276 der
1802 2245 2040 2276 Homerkritik

213 2300 275 2328 126
311 2307 398 2336 sqq.,
434 2299 503 2329 alii.
636 2299 659 2329 d
677 2301 746 2330 Cic.
782 2301 824 2330 de
859 2301 952 2331 Orat.
986 2301 1038 2330 111
1063 2300 1082 2339 ξ
1109 2302 1191 2331 137:
1222 2303 1320 2338 „quis
1345 2301 1477 2331 doctior
1499 2302 1623 2331 iisdem
1646 2301 1714 2330 illis
1739 2300 1955 2338 temporibus
1979 2302 2038 2330 aut

212 2352 331 2387 „cuius
368 2351 566 2389 eloquentia
596 2352 722 2382 litteris
756 2352 957 2383 instructior
990 2355 1098 2383 fuisse
1134 2354 1282 2384 traditur
1307 2363 1408 2392 quam
1432 2354 1632 2384 Pisistrati?
1657 2354 1722 2390 Qui
1745 2354 1877 2392 primus
1899 2353 2039 2383 Homeri

213 2404 351 2439 „libros,
375 2405 536 2434 confusos
562 2409 673 2441 antea,
698 2406 748 2435 sic
774 2406 988 2444 disposuisse
1013 2406 1140 2436 dicitur
1163 2410 1202 2436 ut
1233 2415 1324 2436 nunc
1348 2407 1550 2436 habemus.''
1573 2423 1614 2428 —
1640 2405 1786 2436 Pam-an.
1811 2404 1874 2435 VII
1899 2407 1939 2435 26
1963 2405 2037 2443 §62

212 2459 468 2496 „nnoiorqazoa
502 2458 558 2495 ἔπη
595 2459 632 2487 τὰ
665 2459 797 2499 Ὀμήρου
831 2460 1045 2496 διεσπασμένα
1082 2472 1112 2489 τε
1147 2461 1197 2489 καὶ
1233 2460 1309 2489 ἄλλα
1333 2461 1474 2498 ἀλλαχοῦ
1496 2462 1751 2498 μιημοιέυόμενα
1778 2457 1969 2498 ἠθροίζετο.”
1993 2473 2036 2479 ——

211 2509 340 2538 Aelian.
376 2509 450 2538 Var.
486 2510 575 2539 Hist.
610 2511 692 2540 XIII
731 2513 793 2544 14:
820 2516 1074 2552 „nezatawazoo
1099 2515 1282 2550 συναγαγὼν
1304 2514 1441 2551 ἀπέφηιε
1465 2515 1518 2550 τὴν
1542 2513 1662 2542 Ἰλιάδα
1687 2513 1737 2541 καὶ
1758 2511 1966 2540 Ὀδύσσειαν.”
1993 2525 2037 2531 —

214 2561 273 2591 Rei
307 2562 516 2592 mentionem
553 2562 716 2594 Cicerone
754 2565 901 2594 sortasse
936 2565 1113 2603 aliquanto
1149 2564 1380 2603 antiquiorem
1419 2565 1524 2594 habet
1556 2564 1621 2594 hoc
1651 2565 1883 2602 epigramma:
1909 2565 1978 2602 τρίσ
2000 2573 2039 2597 με

210 2619 443 2656 τυραννήσαντα
466 2618 656 2645 τοσαυτάκισ
679 2616 812 2651 ἐξεδίωξε
833 2616 837 2655 Ι
860 2618 960 2654 ὁῆμοσ
978 2618 1160 2658 Ἐρεχθῆοσ
1182 2620 1231 2647 καὶ
1254 2619 1324 2658 τρὶσ
1346 2620 1525 2655 ἐπηγάγετο,
1547 2615 1552 2657 Ι
1575 2617 1626 2647 τὸν
1646 2618 1743 2654 μέγαν
1764 2618 1793 2645 ἐν
1813 2618 1943 2653 similam
1964 2617 2036 2644 Πει-

209 2672 387 2707 σίστρατον,
407 2667 444 2697 ὃσ
465 2668 516 2697 τὸν
528 2669 659 2708 ’Όμηρον
681 2670 685 2707 Ι
709 2670 844 2710 ι’ἱ-(ὶροισα
859 2670 1020 2709 σποράδην
1034 2671 1067 2699 τὸ
1082 2672 1153 2711 πρὶν
1172 2671 1362 2707 ἀειδόμενον,
1384 2680 1462 2709 pag.
1477 2673 1531 2705 ἑο,
1554 2670 1655 2699 Anth.
1669 2669 1779 2699 Palam.
1793 2668 1840 2698 XI
1854 2668 1927 2696 442.
1944 2667 2036 2703 Quos

210 2729 330 2750 versus
354 2720 498 2751 Athenis
523 2721 577 2757 „in
603 2721 778 2751 Pisistrati
803 2720 940 2751 statua⁷'
963 2723 1044 2752 olim
1068 2723 1178 2752 lectos
1203 2724 1309 2753 fuisse
1332 2731 1514 2761 perperam
1539 2723 1587 2751 ait
1607 2725 1726 2751 auctor
1739 2728 1929 2758 anonymus
1941 2719 2039 2749 Vitae

211 2775 308 2804 Hom.
345 2773 425 2812 V⁸‘⁵;
448 2784 526 2804 nam
551 2775 686 2812 tyranni
711 2777 825 2804 statua
848 2775 920 2804 illic
945 2775 1040 2804 nulla
1065 2775 1130 2805 fuit
1153 2785 1305 2813 unquam
1327 2778 1386 2805 aut
1410 2784 1486 2805 esse
1511 2775 1634 2813 potuit.
1776 2782 1792 2802 e
1814 2773 1854 2801 Id
1880 2773 1938 2809 qui
1959 2780 2037 2809 per·

209 2828 345 2857 biberet
364 2827 454 2857 inter
471 2831 606 2857 veteres
630 2836 732 2857 nemo
758 2826 836 2857 fuit.
962 2827 994 2867 J'
1012 2828 1096 2857 Nam
1122 2828 1212 2865 quod
1237 2832 1395 2858 recentes
1421 2828 1558 2866 quidam
1585 2823 1802 2865 grammatici
1825 2823 2039 2863 perabsurda

210 2881 274 2909 hac
305 2880 345 2910 de
382 2890 417 2910 re
456 2878 641 2910 commenti
677 2882 770 2916 sunt,
807 2879 841 2908 id
876 2888 942 2909 non
967 2879 1054 2909 satis
1077 2880 1170 2910 valet
1193 2881 1236 2910 ad
1254 2878 1366 2919 ipsam
1391 2889 1462 2910 rem
1487 2882 1519 2909 in
1544 2880 1726 2909 ridiculum
1752 2876 2035 2914 detorquendam.

212 2934 334 2962 Suavis
359 2941 442 2962 sane
467 2936 519 2963 est
550 2933 756 2963 Heliodorus
781 2941 857 2963 sero
882 2935 983 2962 natus
1015 2933 1255 2971 ludimagister
1280 2932 1322 2972 is,
1346 2934 1405 2971 qui
1428 2932 1585 2970 Dionysii
1607 2930 1746 2961 Thracis
1772 2931 2034 2968 grammaticam

213 2987 304 3015 notis
325 2983 524 3022 illustravit,
549 3002 588 3007 —
614 2986 719 3015 immo
743 2986 942 3015 offuscavit!
970 3002 1008 3006 —
1035 2985 1120 3014 haec
1144 2986 1287 3015 docens:
1316 2989 1499 3025 ,συνθεῖναι
1524 2985 1576 3014 τὸν
1593 2985 1724 3024 Ὅμηρον-
1744 2985 1792 3012 {nl
1809 2985 2035 3021 Πεισιστράτου

213 3038 424 3074 ἑβδομήκοιτα
459 3038 513 3067 δύο
545 3041 675 3076 σοφούσ,
700 3037 740 3066 ὧν
764 3038 976 3076 ἑβδομήκοντα
1001 3038 1055 3066 δύο
1081 3034 1156 3068 εἶναι
1180 3040 1228 3067 καὶ
1255 3039 1307 3068 τὸν
1332 3038 1509 3077 Ζηνόδοτον
1533 3039 1582 3067 καὶ
1608 3037 1660 3066 τὸν
1685 3033 1922 3075 Ἀρίσταρχον.”
1943 3035 2036 3070 Quae

213 3091 317 3120 verba
337 3091 454 3128 inepta
478 3094 663 3129 pzmtqnam
691 3090 831 3120 saeculo
855 3090 936 3120 XI10
960 3091 1110 3128 gravier
1135 3091 1358 3128 reprehendit
1382 3091 1554 3121 Iohannes
1575 3090 1700 3119 Tzetza
1721 3088 1755 3118 in
1777 3086 2037 3125 Prolegomenis

214 3143 257 3172 ad
292 3143 557 3180 Aristophanem
594 3142 742 3181 (primus
778 3143 830 3172 ed.
871 3141 946 3172 keil
983 3141 1101 3172 Rhein.
1136 3144 1225 3173 Mus.
1263 3145 1360 3179 1848,
1387 3143 1476 3180 116),
1500 3144 1549 3172 sic
1574 3143 1709 3181 pergit:
1737 3144 1856 3177 „naiton
1880 3143 2037 3180 τεσσάρων
