2234 3443
167 179 190 223 ἓ
223 178 264 222 3]
952 185 1005 212 DE
1038 183 1193 212 METRo.
1928 177 1983 215 49

169 299 233 338 illi
279 300 484 339 versiculi
526 309 657 348 quam
700 299 857 347 quibus
900 298 1159 337 conderetur
1202 306 1377 335 carmen
1410 296 1539 345 paulo
1567 298 1748 336 maioris
1780 300 1986 340 ambitus

169 366 298 406 Nulla
328 377 431 406 vero
477 366 692 406 eiusmodi
724 364 911 404 artificia
949 363 1198 411 requirebat
1230 372 1383 401 versus
1417 363 1577 412 epicuS,
1611 364 1730 403 solus
1762 365 1844 404 sibi
1876 367 1986 405 suffi-

169 434 302 484 ciens,
337 434 438 482 quia
468 434 512 472 in
544 444 590 472 se
621 434 714 482 ipse
741 432 928 471 habebat
955 431 1215 470 varietatem
1243 430 1381 479 illam,
1417 440 1502 478 qua
1525 431 1618 469 sine
1647 441 1717 470 ars
1744 433 1983 472 consistere

173 501 337 548 nequit.
355 501 594 550 Dactylicis
610 500 808 539 numeris
825 498 1075 547 incipiebat;
1093 500 1137 536 at
1164 497 1460 536 intercedebat
1476 507 1676 537 caesura:
1704 501 1982 547 anapaestico

166 568 325 608 exinde
368 569 519 607 tenore
561 567 829 607 decurrebat.
871 567 1008 605 Lento
1048 574 1203 613 gressu
1236 574 1419 603 exorsus
1450 575 1556 603 mox
1586 565 1746 604 laetius
1777 568 1982 607 exultans

166 636 219 674 ad
251 636 421 674 exitum
452 635 724 684 properabat.
752 635 870 672 Inter
901 632 1145 672 severiores
1176 642 1310 671 sonos
1341 631 1617 679 dactylorum
1649 635 1692 672 et
1722 636 1983 682 anapaestos

168 703 395 743 hilariores
421 703 648 742 alternans
676 701 880 751 captabat
908 710 1048 750 aures,
1073 709 1296 747 nunquam
1319 699 1598 749 obtundebat,
1613 700 1676 739 ita
1693 703 1740 739 ut
1758 701 1984 742 audientes

161 771 252 810 vati
281 771 481 821 libent-er,
514 773 563 810 ut
593 770 788 810 Menelao
820 768 1122 817 Telemachus,
1154 767 1370 808 dicerent:

572 837 642 875 καί
670 853 693 875 κ
738 836 795 875 ELC
827 834 1012 874 ἐνιαυῐθν
1045 834 1118 886 ἐγὼ
1150 834 1259 885 παρὰ
1291 836 1356 873 601
1385 850 1407 886 γ
1451 833 1668 885 ἀνεχοίμην

453 904 624 955 ἥμενοσέ

282 972 445 1011 Eadem
472 974 565 1011 arte
594 972 825 1019 exquisita,
853 981 963 1019 quae
991 971 1254 1009 Graecorum
1282 970 1506 1017 ingenium
1534 970 1586 1007 ad
1610 970 1757 1008 Musas
1773 971 1979 1010 colendas

161 1041 314 1078 natum
341 1039 689 1078 luculentissime
713 1041 916 1087 testatur,
944 1039 1128 1078 scenicus
1152 1040 1305 1087 postea
1322 1047 1476 1076 versus
1500 1039 1568 1075 est
1585 1037 1764 1086 effictus,
1783 1041 1977 1087 ornatus,

160 1106 297 1145 variis
329 1107 524 1145 consiliis
556 1106 802 1154 adaptatus.
836 1106 976 1144 Iambi
1009 1108 1244 1145 sumantur
1275 1105 1370 1142 seni
1402 1105 1446 1143 et
1476 1104 1609 1142 medii
1640 1104 1685 1142 hi
1709 1104 1976 1152 syllabarum

158 1173 333 1212 ordines
364 1174 626 1213 dirimantur
669 1183 828 1223 pausa:
861 1173 1120 1212 habebimus
1152 1182 1361 1211 versuum
1393 1181 1532 1219 genus
1562 1171 1682 1219 illud,
1715 1182 1799 1219 quo
1829 1175 1977 1221 patres

158 1241 301 1280 nostri
348 1243 547 1290 impense
593 1243 697 1280 sunt
742 1241 946 1279 delectati
986 1242 1030 1279 et
1069 1239 1343 1288 Francogalli
1384 1239 1520 1277 etiam
1560 1249 1676 1277 nunc
1716 1240 1974 1287 praesertim

158 1309 368 1356 utuntur;
402 1309 515 1356 quod
547 1310 738 1347 metrum
771 1319 824 1346 ne
857 1308 1050 1347 taedium
1084 1308 1239 1358 pariat,
1271 1306 1471 1345 versibus
1513 1306 1767 1345 acatalectis
1795 1309 1974 1346 interse-

159 1378 316 1414 runtur
357 1375 754 1425 hypercatalectici,
799 1377 841 1414 et
883 1375 1249 1414 homoeoteleutis
1281 1373 1483 1412 varietati
1525 1375 1738 1420 quantum
1770 1374 1878 1412 satis
1909 1377 1978 1413 est

161 1443 424 1491 consulitur;
468 1445 512 1481 et
541 1445 691 1481 tamen
724 1452 879 1481 versus
911 1443 1158 1481 efficiuntur
1194 1445 1243 1481 ut
1275 1443 1423 1481 canori
1455 1445 1499 1481 et
1530 1453 1701 1491 graves,
1734 1444 1797 1481 sic
1827 1443 1976 1481 minus

158 1510 316 1550 molles
361 1513 491 1558 atque
532 1510 731 1549 mobiles.
776 1511 833 1548 At
873 1520 1047 1548 caesura
1088 1510 1130 1547 in
1174 1510 1370 1557 dispares
1405 1510 1512 1548 duas
1549 1512 1695 1558 partes
1727 1510 1975 1548 dividantur

158 1578 293 1617 iambi
323 1578 420 1617 seni
453 1600 504 1605 —
539 1580 581 1616 et
613 1578 750 1616 oritur
781 1577 939 1615 nobilis
971 1577 1044 1615 ille
1078 1579 1121 1615 et
1152 1577 1442 1624 grandisonus
1475 1576 1736 1616 Graecorum
1763 1578 1975 1628 trimeter,

159 1645 233 1693 qui
275 1645 398 1684 nulla
438 1647 665 1694 praeterea
706 1644 956 1692 requirebat
989 1645 1161 1682 aurium
1194 1644 1418 1693 lenocinia,
1452 1646 1545 1683 arte
1577 1644 1785 1693 Aeschyli
1816 1646 1976 1694 Sopho-

160 1712 329 1760 clisque
357 1714 614 1762 condignus,
641 1713 758 1752 idem
784 1715 877 1751 tam
905 1712 1110 1751 flexibilis
1142 1714 1190 1750 ut
1212 1712 1464 1759 quotidiano
1483 1712 1730 1760 vulgarium
1747 1714 1975 1753 hominum

160 1782 355 1820 sermoni
386 1782 667 1830 aptissimum
701 1781 1006 1830 praestiterint
1036 1780 1357 1828 Aristophanes
1389 1781 1432 1817 et
1462 1779 1706 1819 Menander.

284 1915 479 1965 Caesarei,
528 1918 576 1954 ut
621 1925 782 1955 nomen
825 1915 999 1963 indicat,
1043 1914 1324 1953 dessecabatur
1365 1923 1441 1962 pes
1481 1914 1614 1961 aliqui
1646 1925 1822 1962 versus;
1867 1916 1977 1963 quod

162 1983 248 2022 nisi
290 1984 334 2022 in
376 1982 461 2022 fine
502 1993 658 2022 vocum
701 1982 795 2021 fieri
834 1992 920 2021 non
962 1982 1157 2030 potuisse
1190 1992 1264 2030 per
1296 1991 1342 2019 se
1375 1981 1657 2029 intellegitur.
1689 1982 1818 2021 Nulla
1847 1983 1981 2031 igitur

169 2052 264 2089 erat
296 2060 478 2090 caesura
508 2052 606 2099 post
638 2049 901 2098 procliticaS,
935 2049 1057 2088 nulla
1088 2050 1189 2087 ante
1217 2048 1442 2087 enclitzicas
1470 2048 1635 2087 aliasve
1667 2049 1845 2088 voculas
1872 2060 1980 2097 quae

162 2117 431 2156 sententiam
465 2118 597 2156 ordiri
630 2127 714 2156 non
746 2119 989 2165 poteranta.

281 2185 426 2224 Etiam
460 2186 502 2224 in
532 2186 612 2233 fine
642 2185 803 2233 pedum
836 2183 1106 2231 quorundam
1144 2193 1273 2232 saepe
1309 2181 1608 2230 requiescebat
1636 2193 1722 2222 vox
1759 2185 1978 2233 canentis;

167 2252 308 2300 qualis
335 2263 543 2292 versuum
570 2252 723 2292 incisio
750 2262 775 2290 a
800 2252 998 2290 metricis
1023 2251 1201 2290 Graecis
1227 2252 1327 2299 apto
1359 2251 1538 2289 nomine
1565 2250 1681 2290 dicta
1701 2253 1770 2290 est
1786 2253 1981 2293 diaeresis

163 2320 258 2359 sive
288 2330 426 2370 pausa
439 2318 468 2359 b.

287 2388 521 2427 Primitiva
563 2397 720 2427 versus
766 2387 929 2426 heroici
976 2396 1158 2425 caesura
1204 2386 1286 2424 fuit
1328 2385 1416 2424 illic
1461 2384 1534 2423 ubi
1574 2387 1890 2426 versiculorum
1936 2388 1981 2426 in

167 2455 477 2494 hexametrum
521 2455 853 2494 coniunctorum
887 2454 997 2492 alter
1028 2453 1215 2491 alterum
1249 2452 1542 2501 contingebat,
1575 2455 1674 2501 post
1705 2455 1824 2492 tertii
1855 2455 1986 2503 igitur

166 2523 287 2572 pedis
318 2522 496 2562 brevem
528 2522 745 2570 syllabam
777 2521 967 2570 priorem
981 2528 1009 2560 ⁰.
1041 2520 1119 2559 Ex.
1152 2531 1214 2568 gr.
1251 2520 1444 2568 Odyssea
1475 2520 1539 2559 sic
1569 2520 1740 2569 incipit:

460 2588 588 2640 ἄνδρα
621 2604 688 2639 μοι
719 2587 871 2638 ἔννεπε,
903 2590 1067 2636 Monam,
1092 2585 1106 2638 ΙΙ
1130 2588 1397 2638 πολύτροπον,
1426 2583 1472 2625 ὃσ
1504 2588 1609 2637 μάλα
1639 2587 1765 2626 πολλὰ
1796 2587 1869 2627 κτὲ.

284 2657 334 2695 111
387 2657 569 2696 Homeri
622 2658 771 2695 autem
820 2655 1089 2694 carminibus
1135 2655 1243 2693 haec
1288 2655 1505 2693 incidendi
1550 2655 1673 2704 ratio,
1731 2666 1840 2703 quae
1885 2655 1983 2693 κατὰ

167 2723 297 2773 τρίτου
335 2726 518 2774 τροχαῖον
560 2724 653 2762 sive
689 2723 901 2772 feminina
942 2724 1009 2762 est
1049 2724 1219 2770 vocata,
1267 2731 1354 2761 non
1394 2722 1523 2761 unica
1563 2723 1736 2769 quidem
1778 2725 1859 2771 est,
1906 2723 1982 2762 sed

255 2937 276 2957 a
302 2928 371 2969 γάρ,
397 2928 441 2963 δέ,
469 2929 541 2970 ἄρα,
572 2928 614 2958 al.
751 2927 767 2957 b
790 2927 980 2964 Utramque
1011 2925 1190 2956 dividendi
1219 2927 1388 2957 rationem
1419 2927 1556 2955 nomine
1587 2934 1750 2956 caesurae
1781 2927 1986 2966 designabat

169 2979 311 3009 vChrist
333 2978 475 3010 Metrik²
501 2981 576 3018 123,
600 2981 699 3018 quasi
725 2978 781 3010 vix
806 2980 993 3018 quicquam
1015 2979 1209 3009 interesset.
1343 2988 1360 3008 c
1382 2979 1509 3008 Versus
1531 2979 1692 3009 heroicus
1715 2982 1855 3019 βαίνεται
1878 2983 1908 3010 ἐν
1930 2981 1986 3017 μὲν

169 3037 224 3062 τῶι
248 3031 347 3066 δεξιῶι
372 3033 458 3062 ἐννέα
479 3036 661 3073 συλλαβαῖσ,
687 3035 717 3062 ἐν
740 3032 774 3061 δὲ
798 3037 850 3061 τῶι
872 3032 1036 3071 ἀριστερῶι
1060 3032 1140 3060 ὀκτώ
1163 3030 1303 3060 Aristot.
1323 3031 1476 3069 Metaph.
1499 3031 1584 3060 1093
1598 3041 1618 3060 a
1636 3032 1708 3061 sive
1725 3033 1803 3062 anie
1823 3041 1984 3062 caesuram

171 3082 265 3114 habet
295 3086 366 3115 octo
396 3085 548 3125 syllabas,
576 3087 652 3125 post
681 3094 843 3115 caesuram
875 3092 999 3120 novem;
1025 3092 1044 3113 a
1071 3084 1211 3113 sinistro
1236 3084 1325 3113 enim
1350 3083 1439 3122 pede
1462 3083 1620 3113 homines
1641 3081 1827 3114 incedendi
1851 3085 1983 3114 initium

170 3135 286 3166 faeere
308 3137 430 3167 solent.

241 3193 316 3222 Van
334 3194 506 3223 Leeuwen.
524 3194 763 3223 Euchiridium.
1863 3194 1879 3220 4
