2234 3443
125 202 151 247 s
185 199 432 245 187-190]
593 207 647 234 nn
679 206 903 235 STIRPIBUS
935 206 979 233 ΙΝ
1013 205 1038 243 z,
1074 205 1109 243 ῡ,
1144 204 1479 234 DIPHTHONGUM.
1856 194 1942 232 319

242 343 302 354 —
331 322 434 375 (ρω)
464 320 643 372 ῥώεσθαι
669 310 912 369 βασὶαανία,
948 330 1047 359 cum
1080 319 1200 359 verbi
1232 319 1380 357 πλείειν
1397 318 1539 357 forma
1557 318 1746 366 gemella
1771 316 1943 357 πλώεινό

125 389 483 439 comparandum,
518 398 608 428 aor.
640 386 889 439 ῥώσασθαισ.

244 455 438 505 Cognata
469 457 573 494 sunt
603 452 760 504 ἐρωέειν
792 450 949 492 ruered
979 456 1022 492 et
1054 451 1157 502 ἐρωή
1188 454 1366 502 impetus
1379 461 1405 490 e.

244 586 271 637 ἓ
302 588 399 632 188.
441 588 559 641 (σεο)
592 588 695 627 σεύω
710 586 749 636 s,
797 597 886 627 aor.
929 585 1115 635 ἔσσευαθ,
1157 586 1269 625 med.
1309 583 1565 634 ἐσσευάμκνῆ
1598 586 1692 624 sive
1725 584 1944 635 ἔσσύμκυί,

121 657 226 707 perf.
261 656 430 706 ἔσσυμαι
463 658 507 695 et
538 652 665 703 -tmj,
701 656 811 704 part.
845 651 1096 704 gucvns'uouk
1127 653 1333 692 adiectivi
1359 654 1452 692 vice
1484 650 1711 691 functuml
1741 663 1839 691 cum
1873 653 1943 691 ad-

122 724 269 763 verbio
300 721 528 772 ἐσσυμένωσ
558 722 857 772 festinantem.
879 744 929 750 —
959 720 1203 760 Cohaerent
1235 719 1431 758 λᾶοσσόοσ
1445 728 1476 768 n,
1511 719 1749 768 πανσυδίκι,
1776 717 1944 758 ἐπίσσω-

119 805 214 840 τρον
226 798 256 839 0,
290 788 557 839 ἐΰσσωτροσμ.
584 789 648 828 Ab
683 789 804 837 epica
830 788 1017 827 dictione
1036 787 1205 826 alienus
1223 789 1315 826 erat
1334 797 1422 826 aor.
1441 784 1597 836 ἐσύθην
1611 793 1642 835 q,
1664 797 1748 834 quo
1767 787 1941 835 saepius

124 859 193 897 usi
224 861 329 897 sunt
358 857 513 906 tragici
526 864 556 895 r.

240 988 268 1043 ξ
300 989 397 1033 189.
438 986 556 1043 (xeo)
600 989 719 1039 zsims
763 989 857 1027 Sive
890 986 962 1038 χέω
978 987 1002 1036 2,
1037 986 1184 1037 ἔχευα“
1216 988 1310 1026 Sive
1337 986 1436 1037 ἔχεσι,
1470 987 1583 1026 med.
1617 985 1814 1038 ἕχευάμιιν
1846 987 1941 1026 Sive

117 1056 315 1108 ἐχύμκνν,
361 1055 570 1107 κέχυταιω,
614 1055 739 1106 ἐχύθη
757 1061 875 1108 ²⁵„-
918 1054 1014 1094 Adi.
1059 1054 1232 1093 verbale
1264 1054 1393 1104 χυτόσ.
1435 1055 1667 1093 Praeterea
1709 1056 1943 1094 cohaerent

116 1124 331 1174 οὐλοχύτκ,
365 1129 502 1174 χεῦμα,
537 1125 622 1173 χοῆ,
657 1125 785 1173 χύσισ,
820 1121 947 1173 -χόοσ,
977 1121 1139 1172 χυτλόω,
1172 1122 1334 1172 χόανοσ,
1367 1119 1660 1171 αὐτοχόᾶνοσῦ,
1695 1118 1912 1172 ἰοχέαιραὲ.

881 1452 1085 1493 CAPUT
1116 1452 1172 1492 X.

325 1573 427 1625 DE
466 1573 843 1624 STIRPIBUS
882 1573 954 1623 IN
987 1587 1019 1621 ᾱ
1051 1572 1202 1623 VEL
1242 1572 1313 1623 IN
1345 1593 1374 1635 η
1411 1571 1560 1622 VEL
1598 1571 1669 1622 IN
1702 1593 1737 1620 ω

754 1659 1311 1710 DESINENTIBUS.

119 1794 157 1835 1.
187 1795 258 1834 De
283 1795 460 1833 verbis
484 1806 697 1842 quorum
726 1805 966 1842 praesens
991 1794 1101 1832 sola
1127 1794 1291 1832 vocali
1309 1795 1581 1832 thematiea
1598 1798 1673 1832 est
1690 1797 1940 1832 ornatum.

235 1914 263 1968 ἓ
308 1915 411 1959 190.
460 1917 670 1965 Stirpium
717 1916 812 1955 soni
859 1914 1014 1954 finales
1055 1926 1091 1964 ᾶ,
1136 1931 1173 1964 η,
1217 1930 1247 1953 ω
1281 1915 1325 1954 in
1359 1917 1579 1964 praesenti
1611 1919 1654 1955 et
1687 1915 1941 1965 imperfecto

115 1984 376 2033 saepissime
407 1994 432 2023 a
463 1985 604 2033 poetis
636 1984 771 2032 epicis
803 1983 988 2031 correpti
1020 1985 1123 2021 sunt
1136 1990 1166 2032 Β,
1202 1983 1275 2031 qui
1299 1986 1453 2032 postea
1479 1986 1688 2022 constans
1713 1983 1797 2022 fuit
1822 1992 1940 2029 mos;

115 2052 192 2091 sed
223 2053 267 2090 in
299 2052 583 2100 sequentibus
616 2051 761 2090 verbis
793 2050 923 2098 longa
954 2051 1121 2089 mansit
1153 2050 1320 2089 vocalis
1334 2048 1368 2099 b,
1401 2053 1544 2090 metro
1575 2050 1775 2090 defensa:

235 2114 304 2172 (ᾱ)
362 2114 476 2167 ἆμᾶω
490 2125 519 2168 0,
575 2114 709 2167 διψὲιω
724 2116 758 2166 d,
809 2113 916 2167 ὃρᾶω
930 2125 962 2166 0,
1010 2112 1121 2168 ἡβᾶω
1137 2116 1162 2166 f,
1211 2113 1370 2167 μαιμᾶω
1384 2125 1418 2167 8,
1467 2113 1666 2167 μενοινᾶω
1680 2116 1716 2166 h,
1763 2112 1939 2167 μνᾶομαι

114 2196 291 2225 uxorem
326 2185 453 2236 petoi,
500 2181 679 2236 μνᾶομαι
720 2183 955 2233 recordorj,
1002 2180 1152 2223 πεινὰω
1166 2184 1198 2222 k.
1241 2185 1386 2225 Etiam
1429 2186 1635 2225 adiectivi
1683 2181 1796 2224 ῗλαοσ
1838 2194 1939 2224 cum

117 2253 245 2291 verbo
276 2251 436 2302 ῖλάομαι
467 2253 745 2292 cohaerentis
776 2262 911 2291 sonus
942 2267 966 2289 α
999 2252 1113 2291 haud
1146 2262 1244 2292 raro
1276 2252 1433 2302 longus
1465 2256 1533 2292 est
1564 2250 1779 2292 habitusl.

205 2416 224 2435 a
248 2409 396 2447 ἐρρώοντο
419 2408 448 2435 Α
474 2407 515 2437 50
542 2407 586 2436 al.
743 2405 759 2435 b
786 2404 891 2445 §185.
1050 2415 1066 2436 c
1090 2409 1265 2447 ὀρρώσαπο
1289 2408 1323 2435 A
1349 2405 1412 2435 529
1437 2407 1480 2436 al.
1629 2406 1652 2436 d
1673 2408 1702 2435 A
1728 2406 1790 2435 303
1816 2417 1838 2435 n
1862 2406 1938 2436 441.

247 2467 264 2488 e
298 2461 329 2488 Γ
358 2456 401 2487 62
430 2459 491 2494 al.;
528 2459 736 2496 homonyma
770 2461 851 2488 sunt
885 2459 982 2498 ἐρωέω
1017 2467 1100 2488 cesso
1136 2462 1167 2487 N
1193 2457 1256 2490 776
1283 2459 1324 2488 al.
1346 2463 1380 2489 et
1405 2461 1481 2499 δρωή
1504 2459 1640 2489 cenatio
1664 2462 1698 2489 11
1722 2458 1787 2488 302
1814 2462 1842 2489 P
1863 2458 1939 2491 761.

247 2510 271 2548 f
288 2511 405 2541 Solum
431 2514 596 2541 ἐσσεύοντο
628 2514 654 2540 Β
681 2510 743 2539 150
763 2511 825 2546 al.;
857 2510 899 2540 de
931 2510 1108 2548 augmenti
1135 2514 1169 2540 et
1192 2511 1480 2550 reduplicationis
1503 2511 1636 2549 syllaba
1660 2520 1739 2550 pag.
1765 2513 1827 2542 100
1841 2520 1940 2542 v—x.

245 2573 267 2602 q
293 2562 308 2602 §
336 2561 424 2593 153³.
598 2562 618 2592 Ιι
641 2563 730 2593 Ibid.
906 2562 918 2592 ι’
943 2562 958 2600 ,ξ
987 2560 1090 2592 150³7.
1299 2566 1333 2593 Λ
1360 2563 1421 2595 173
1449 2568 1476 2593 Ζ
1504 2562 1565 2592 361
1592 2567 1612 2593 Ι
1633 2563 1675 2593 42
1701 2567 1731 2593 Ν
1753 2563 1794 2595 79
1820 2576 1837 2593 κ
1862 2564 1937 2593 484.

250 2614 270 2643 k
292 2619 319 2644 A
346 2613 407 2647 527
434 2615 477 2645 al.
614 2615 627 2645 l
649 2616 729 2653 Pag.
755 2613 819 2644 290
832 2625 861 2654 q.
996 2625 1023 2644 m
1049 2618 1080 2644 Γ
1101 2614 1141 2644 85
1166 2616 1209 2645 al.
1345 2626 1365 2645 n
1389 2616 1475 2646 Item
1498 2618 1676 2656 ὁορυσσόοσ
1689 2614 1938 2654 Hes.Clip.54.

249 2677 267 2697 o
300 2671 324 2698 E
348 2667 410 2699 725
435 2668 479 2698 al.
610 2678 632 2707 p
656 2669 695 2698 L.
720 2677 748 2697 a.
774 2668 805 2696 Ω
832 2666 905 2698 578.
1040 2678 1057 2708 q
1091 2668 1155 2698 Pro
1181 2668 1316 2707 ὄξισύθη
1340 2669 1395 2699 vel
1419 2670 1550 2706 ἐξελύθη
1575 2672 1600 2697 Ε
1623 2668 1686 2697 293
1710 2669 1720 2697 1
1744 2677 1775 2705 g.
1800 2668 1936 2705 ἐξῆλθεν,

114 2728 177 2758 pro
198 2721 381 2750 ἀπέσσυθεν
405 2721 484 2750 Hes.
511 2721 640 2758 Theog.
668 2720 728 2749 183
753 2720 932 2749 eumaeus?
963 2719 1052 2758 (4ο).
1202 2731 1219 2751 r
1242 2721 1366 2751 Aesch.
1386 2722 1481 2751 Pers.
1503 2720 1565 2749 865
1587 2721 1691 2759 Soph.
1711 2722 1761 2750 Αἰ.
1776 2720 1839 2749 294
1855 2721 1937 2751 Eur.

114 2773 184 2802 Alc.
210 2771 273 2802 846
298 2775 343 2803 al.
476 2782 492 2802 s
514 2786 523 2803 ι
547 2773 586 2802 10
612 2774 680 2803 Hes
717 2773 846 2810 Theog.
871 2772 928 2807 83;
958 2781 1019 2811 pro
1044 2774 1224 2812 καταχεύετ’
1251 2774 1354 2812 (subi.
1379 2774 1464 2811 aor.)
1488 2773 1589 2812 Oper.
1605 2773 1666 2802 583
1680 2773 1746 2811 leg.
1761 2773 1934 2811 nazalec'n‘

113 2824 200 2867 (ind.
224 2823 362 2865 praes.).
528 2827 541 2855 t
576 2827 610 2854 A
636 2823 699 2857 357
724 2826 767 2854 al.
946 2834 966 2854 u
1004 2824 1019 2863 ξ
1050 2823 1135 2855 153⁴.
1304 2836 1321 2856 v
1359 2825 1374 2865 §
1404 2823 1506 2855 15039.
1674 2836 1699 2854 w
1736 2827 1777 2854 M
1802 2824 1865 2854 284
1893 2828 1936 2855 al.

248 2886 270 2908 τε
293 2878 309 2907 ὁ
335 2876 398 2909 716
424 2877 468 2907 al.
636 2877 660 2916 ij
684 2878 766 2915 Pag.
794 2876 832 2906 58
845 2887 878 2916 q.
1055 2887 1072 2906 z:
1104 2877 1234 2907 Similis
1256 2878 1453 2908 nominibus
1477 2881 1596 2918 νείαιρα
1621 2880 1655 2907 et
1677 2878 1846 2917 πρέσβειρα
1871 2879 1937 2907 fuit

114 2930 292 2959 terminus.
490 2938 509 2959 a
533 2929 549 2969 §
579 2928 631 2969 17,
660 2929 732 2965 162,
758 2929 832 2959 286.
1044 2930 1065 2959 b
1091 2931 1205 2961 Etiam
1229 2933 1263 2960 in
1287 2930 1369 2961 thesi
1392 2939 1497 2969 saepe
1524 2931 1704 2970 collocata,
1727 2939 1805 2969 pag.
1832 2930 1894 2960 162
1906 2940 1935 2961 o.

248 2991 265 3011 o
290 2982 370 3012 Hes.
395 2982 496 3020 Oper.
521 2981 603 3018 3923
621 2982 682 3012 sed
695 2986 714 3012 ἅ
728 2982 840 3011 Σ551.
977 2982 998 3011 d
1023 2985 1037 3011 λ
1053 2983 1126 3012 584.
1263 2992 1280 3013 e
1301 2995 1316 3012 ο
1331 2981 1405 3020 317,
1421 2981 1497 3020 324,
1517 2983 1592 3013 333.
1727 2983 1741 3012 f
1764 2986 1799 3012 H
1812 2982 1873 3015 157
1891 2984 1934 3013 al.

247 3043 269 3072 g
294 3033 445 3064 Essslal.
601 3035 624 3064 h
662 3038 691 3064 Ν
715 3033 756 3066 79
786 3039 809 3064 0
834 3034 876 3063 82
905 3038 934 3064 T
955 3033 1036 3071 1643
1062 3036 1123 3065 sed
1147 3040 1167 3065 ἆ
1191 3038 1232 3065 M
1258 3036 1298 3065 59
1320 3036 1362 3065 al.
1529 3036 1540 3065 i
1578 3033 1698 3074 §204,
1724 3047 1744 3064 α
1768 3035 1808 3064 39
1833 3039 1849 3065 λ
1871 3035 1933 3065 288

117 3085 132 3119 ς·
155 3084 194 3114 91
233 3096 255 3115 n
280 3085 319 3118 77
343 3097 358 3115 τ
383 3085 446 3115 529
472 3098 494 3126 φ
519 3085 583 3115 326
617 3099 640 3125 χ
664 3086 724 3122 38;
750 3086 811 3116 sed
837 3090 855 3116 ἅ
893 3097 914 3116 n
947 3086 1008 3115 431
1048 3088 1092 3117 al.
1247 3088 1259 3126 j
1298 3087 1314 3126 ξ
1348 3087 1424 3124 204,
1449 3091 1481 3117 H
1505 3087 1567 3116 686
1593 3091 1620 3116 A
1647 3087 1683 3117 ’71
1715 3091 1746 3117 Π
1770 3086 1846 3125 697,
1869 3087 1930 3120 771

110 3139 131 3167 7ὁ
160 3137 220 3167 106
250 3150 265 3168 ο
288 3138 363 3168 400.
521 3139 542 3169 k
569 3142 598 3169 Γ
617 3139 656 3169 25
684 3143 718 3169 Π
740 3138 802 3171 753
827 3143 854 3169 Σ
878 3139 956 3175 162;
983 3140 1044 3170 inf.
1069 3143 1248 3178 ηεινήμηαι
1273 3139 1289 3179 ξ
1319 3141 1390 3170 195.
1525 3141 1536 3170 l
1563 3139 1578 3179 ξ
1605 3139 1679 3169 295.
