2234 3443
281 183 366 221 250
843 191 897 219 DE
930 191 1172 219 Nommrssus
1205 191 1490 220 VERBALIBUS.
1807 185 1846 230 [ἓ
1883 184 1981 231 125,
2019 185 2100 224 126

277 320 377 346 -ναι,
411 306 481 344 Sic
512 316 579 344 ex.
612 316 674 354 gr.
707 300 809 343 εἶναι
839 304 999 353 prodiit
1031 315 1086 343 ex
1118 303 1324 354 ἕμμ(ε)ναι,
1353 309 1519 355 μιγῆναι
1550 314 1605 343 ex
1631 304 1888 356 μιγήμ(ε)ναι,
1916 309 2102 357 προσῖναι

275 383 332 412 ex
378 371 690 423 προσίμ(ε)ναια,
735 371 882 409 δοῦναι
918 382 973 410 ex
1005 367 1241 419 δόμ(ε)ναιῦ,
1272 371 1461 409 διδοῦναι
1493 381 1548 411 ex
1580 371 1859 423 ὃιδόμ(ε)ναιθ,
1889 373 2102 424 ζευγνῢναι

277 450 332 479 ex
364 436 702 490 ζευγνύμ(ε)ναιᾶ.
736 438 958 487 Originem
991 438 1155 477 indicat
1186 439 1405 477 accentus.

396 506 445 545 In
486 504 600 544 exitu
642 506 929 555 potissimum
963 515 1172 544 versuum
1215 505 1467 544 huiusmodi
1499 504 1707 544 infinitivi
1744 516 1769 545 a
1799 507 1942 555 poetis
1973 506 2105 554 epicis

277 573 604 613 collocabantur
626 579 654 621 ⁶²,
702 573 815 611 unde
864 572 1047 611 efficitur
1098 572 1339 611 terminum
1392 572 1748 620 monosyllabum
1794 587 1883 610 -ναι
1929 572 2104 612 illorum

279 642 424 688 aetate
465 640 657 679 nondum
698 640 743 678 in
784 640 880 688 ipsa
921 639 1071 687 lingua
1102 639 1285 688 vixisse,
1320 640 1368 677 ut
1398 640 1564 687 postea.
1599 639 1737 688 Quam
1770 640 1822 679 ob
1856 649 2036 679 causam
2069 641 2107 679 si

277 708 375 755 quis
421 707 465 745 in
512 706 781 745 carminibus
828 706 963 755 epicis
1008 705 1173 744 scribat
1219 701 1363 755 ἔμ’ναι,
1407 701 1628 756 μιγήμ’ναι,
1676 702 1847 756 δόμ’ναι,
1892 702 2107 756 διδόμ’ναι,

278 771 455 823 ἀήμ’ναι,
493 770 738 823 προσίμ’ναι,
778 768 1048 823 ζευγνύμ’ναι,
1083 768 1283 823 βιώμ’ναι,
1312 768 1554 824 Ἑαλώμᾎιαι,
1585 773 1744 812 habeat
1775 784 1860 822 quo
1892 774 2108 813 scribendi

278 843 390 880 hanc
421 842 638 880 rationem
671 840 889 880 defendat.
914 841 964 878 In
991 837 1139 878 mediis
1167 841 1316 879 autem
1346 839 1544 879 versibus
1571 840 1644 887 qui
1670 840 1877 888 leguntur
1901 840 2108 880 infinitivi

279 911 323 947 in
353 922 440 946 -ναι
470 908 734 956 desinenteS‚
763 907 921 946 horum
952 907 1147 955 plerique
1178 908 1389 946 anteeunt
1421 904 1656 946 vocalemf
1696 908 1740 945 in
1767 904 1947 957 -μεν’(αι)
1974 908 2109 956 igitur

1655 939 1664 960 7

279 977 464 1024 possunt
495 975 680 1021 mutari;
716 974 839 1013 cuius
871 974 933 1013 rei
965 984 1098 1022 supra
1129 973 1272 1012 multa
1303 973 1508 1022 exempla
1540 978 1643 1012 sunt
1676 974 1855 1014 allatay.

400 1105 427 1161 ἓ
460 1106 561 1150 126.
604 1108 739 1147 Metro
778 1107 995 1155 dactylico
1033 1107 1313 1146 incommoda
1346 1109 1472 1146 erant
1502 1105 1707 1158 ἀγέμεναι,
1738 1105 1967 1157 φερέμεναι,
1997 1105 2112 1158 βαλέ-

281 1191 409 1222 nevar,
440 1174 676 1227 φαγέμεναι,
705 1175 882 1214 similia.
915 1175 1027 1214 Nam
1053 1175 1098 1213 in
1131 1174 1219 1213 arsi
1251 1174 1288 1212 si
1316 1173 1611 1213 collocabatur
1638 1174 1809 1222 syllaba
1835 1174 2034 1223 initialis,
2062 1177 2110 1213 ut

281 1253 438 1282 vocum
481 1241 676 1292 Ζεφυρίη,
715 1239 961 1290 ἀποδίωμαι,
1002 1237 1234 1290 aliarumh,
1279 1250 1407 1280 aures
1438 1240 1659 1280 offensura
1691 1243 1787 1280 erat
1818 1241 1985 1281 vocalis
2017 1251 2109 1280 ver-

282 1311 435 1349 borum
462 1309 873 1357 usitatissimorum,
902 1317 1012 1356 quae
1039 1308 1082 1346 in
1110 1308 1227 1346 thesi
1254 1308 1421 1356 passim
1447 1307 1592 1347 brevis
1619 1310 1750 1356 esset,
1768 1308 1859 1347 ictu
1876 1318 2106 1357 percussa;

281 1377 481 1417 nonnulli
509 1378 656 1415 autem
684 1375 939 1414 huiusmodi
963 1374 1184 1423 infinitivi,
1214 1385 1282 1414 ex.
1316 1385 1378 1423 gr.
1404 1372 1707 1425 πεφραδέμευαι
1737 1375 1806 1414 vel
1839 1373 2112 1426 ἐκγεγάμεναι,

282 1445 509 1484 licentiam
553 1444 676 1482 illam
717 1443 951 1482 metricam
993 1452 1048 1481 ne
1090 1442 1388 1481 admittebant
1428 1442 1618 1490 quidem.
1659 1442 1930 1491 Quapropter
1961 1445 2114 1492 poetae

284 1512 369 1551 alia
413 1511 581 1550 ratione
623 1510 734 1549 inita
774 1509 951 1549 finalem
995 1509 1213 1558 syllabam
1246 1509 1511 1559 abiecerunt,
1544 1509 1865 1558 paenultimam
1897 1510 2114 1558 positione

285 1579 544 1627 productam
576 1578 620 1616 in
653 1578 741 1617 arsi
768 1578 1049 1626 collocarunt,
1078 1576 1336 1625 vulgaribus
1362 1577 1552 1616 fortasse
1577 1577 1809 1616 verborum
1837 1578 1993 1617 formis
2021 1578 2112 1625 usi;

284 1657 389 1685 nam
432 1646 475 1684 in
518 1645 742 1685 nonnullis
785 1645 992 1684 Graeciae
1034 1644 1285 1692 regionibus
1316 1646 1471 1693 postea
1502 1648 1619 1683 certe
1651 1644 1764 1683 vixit
1796 1643 2004 1683 infinitivi
2034 1646 2114 1683 ter-

285 1714 435 1752 minus
476 1726 581 1762 -μεν,
623 1723 692 1751 ex.
725 1722 789 1760 gr.
822 1709 979 1763 ἀγέμεν,
1019 1709 1204 1761 φερέμεν,
1243 1709 1429 1762 βαλέμεν,
1470 1708 1662 1762 φαγέμεν,
1692 1711 1980 1750 conferendus
2013 1721 2110 1750 Cum

282 1780 489 1828 genitivis
532 1780 586 1818 iis
619 1780 692 1827 qui
724 1789 831 1818 sono
862 1793 903 1817 -ο
937 1778 1105 1818 abiecto
1137 1779 1181 1816 in
1215 1793 1287 1816 -αυ
1317 1780 1359 1817 et
1391 1792 1449 1816 -ot
1481 1778 1706 1817 desierunt
1727 1775 1752 1818 ²⁴.
1785 1778 1869 1817 Sed
1901 1766 1994 1817 tam
2027 1778 2112 1817 rari

283 1848 327 1884 in
360 1846 629 1885 carminibus
661 1846 796 1895 epicis
829 1848 933 1885 sunt
965 1845 1182 1885 eiusmodi
1214 1844 1423 1884 infinitivi
1455 1847 1503 1884 ut
1534 1855 1621 1884 non
1647 1846 1734 1884 nisi
1763 1847 1945 1894 cogente
1970 1848 2111 1884 metro

285 1914 505 1952 admissos
537 1923 635 1952 esse
665 1915 835 1962 pateat:

400 1991 542 2029 praes.
574 1977 755 2032 o’cye'fflsvj,
772 1977 906 2031 ἐχέμεν
920 1977 952 2029 k,
969 1978 1156 2029 ἐσθιέμεν
1170 1977 1195 2029 ἶ,
1209 1977 1376 2029 μενέμεν
1388 1987 1430 2030 m,
1446 1977 1617 2030 φερέμεν
1630 1987 1664 2030 ⁷2,
1679 1978 1843 2029 κατίμεν
1857 1985 1888 2029 0,
1904 1976 2111 2029 μελέμενίὶ.

361 2058 450 2087 aor.
484 2048 538 2087 IL
572 2045 746 2097 μεθέμεν
759 2055 790 2097 q,
826 2044 998 2097 προέμεν
1012 2055 1041 2097 r,
1071 2044 1212 2097 πιέμεν
1229 2055 1258 2097 ⁸,
1288 2045 1545 2098 πεφραδέμεν
1561 2046 1586 2096 t,
1616 2044 1864 2096 τραφέμενϊι,
1892 2043 2069 2098 φαγέμεν
2083 2053 2127 2083 ¹1.-

430 2115 536 2163 perf.
570 2114 743 2164 βεβάμεν
756 2123 796 2164 ²0,
825 2112 1038 2166 ἐκγεγάμεν
1050 2123 1082 2152 ².

403 2181 671 2230 Quapropter
697 2191 781 2220 non
811 2184 956 2230 potest
983 2192 1069 2221 non
1097 2182 1391 2231 suspicionem
1424 2191 1603 2220 movere
1629 2180 1950 2220 infinitivorum
1978 2178 2065 2228 ἴμεν
2078 2176 2115 2228 ν’,

372 2356 390 2375 a
416 2346 498 2375 Hes.
522 2345 621 2383 Oper.
647 2345 723 2381 353,
748 2344 847 2374 codd.
873 2349 1043 2384 προσεῖναι.
1177 2344 1193 2374 b
1221 2343 1447 2374 Contractione
1469 2343 1667 2373 huiusmodi
1695 2342 1884 2372 infinitivos
1912 2343 2013 2371 natos
2039 2349 2115 2371 esse

286 2408 353 2428 non
387 2397 540 2428 efficitur
570 2407 610 2427 ex
634 2398 802 2427 infinitivo
829 2397 950 2434 dofs'rou
974 2395 1076 2435 Cypr.
1101 2394 1210 2433 60⁵2¹5‚
1235 2405 1313 2427 nam
1340 2406 1358 2426 a
1383 2395 1535 2426 dictione
1559 2396 1656 2434 epica
1681 2395 1871 2425 contractio
1896 2394 2009 2424 aliena
2032 2396 2117 2429 erat,

286 2451 304 2487 ξ
334 2452 363 2480 7.
389 2451 475 2480 Cum
500 2459 582 2480 sono
606 2462 629 2488 f
654 2448 749 2479 illius
773 2447 871 2479 verbi
897 2458 938 2478 ex
959 2460 974 2478 0
1000 2451 1080 2478 nato
1106 2449 1200 2487 (pag.
1227 2448 1337 2488 1309)
1363 2449 1561 2478 conferatur
1585 2448 1731 2478 latinum
1757 2446 1862 2483 ὀνίνης
1886 2447 2014 2484 δρψ-έναι
2033 2454 2114 2476 vero

286 2504 339 2533 vel
363 2504 459 2541 [μὲι-αι
484 2501 668 2539 aliquando
693 2502 829 2532 Graeca
846 2511 863 2529 u
892 2499 1001 2531 fuisse
1028 2500 1110 2531 inde
1135 2500 1244 2531 nihilo
1267 2499 1379 2539 magis
1403 2499 1562 2538 sequitur
1590 2509 1694 2538 quam
1722 2508 1846 2530 nomen
1873 2501 2059 2540 Et'zfaydpffa
2082 2499 2116 2528 in

287 2555 438 2585 nummis
470 2555 606 2593 Cypriis
630 2552 800 2591 scriptum
825 2556 974 2583 testatur
999 2554 1075 2583 voci
1099 2554 1211 2593 ἀγορᾶι
1236 2553 1291 2583 vel
1315 2553 1420 2583 verbo
1445 2555 1557 2594 ἀγείρω
1583 2553 1665 2583 olim
1690 2561 1813 2582 sonum
1836 2564 1859 2590 f
1883 2552 1992 2582 fuisse
2015 2560 2114 2590 prae·

286 2609 444 2638 missum.
578 2616 593 2636 c
618 2607 648 2636 ,Ω
675 2606 753 2635 425.
776 2606 816 2635 In
841 2606 973 2635 scholio
997 2606 1024 2636 B
1048 2606 1158 2636 forma
1183 2604 1325 2635 insolita
1348 2608 1442 2635 recte
1464 2608 1518 2635 est
1537 2605 1720 2643 explicata,
1741 2605 1860 2643 Heyne
1880 2605 1922 2634 ΙΙ.
1936 2604 2018 2634 VIII
2039 2604 2115 2633 682.

419 2659 441 2689 d
465 2663 501 2689 Π
522 2659 595 2695 145,
621 2658 718 2688 codd.
744 2659 957 2696 ζευγνύμεν(’)
983 2660 1094 2688 metro
1118 2658 1226 2688 invito
1251 2658 1308 2696 (ῦ).
1509 2667 1525 2687 e
1547 2658 1607 2687 Ex.
1632 2667 1683 2695 gr.
1709 2655 1787 2688 εἶναι
1810 2658 1844 2686 A
1870 2659 1924 2694 91,
1949 2658 2026 2692 228,
2052 2656 2115 2686 564

292 2716 317 2742 B
343 2713 383 2743 82
411 2713 466 2748 al.,
490 2713 597 2742 δοῦναι
625 2714 659 2740 Ψ
681 2711 744 2740 593
768 2722 787 2739 α
813 2711 889 2747 292,
913 2712 1003 2748 ἀῆναι
1028 2710 1046 2748 ἓ
1074 2711 1147 2748 197,
1172 2716 1305 2751 φορῆναι
1329 2711 1346 2748 5
1371 2711 1444 2746 195,
1468 2704 1593 2748 μιγῆναι
1623 2714 1642 2740 1
1665 2711 1727 2740 133
1753 2710 1808 2746 al„
1831 2715 1942 2750 βιῶναι
1966 2709 1984 2747 ξ
2012 2706 2116 2743 15023,

287 2769 426 2803 famma
451 2765 469 2804 ἓ
497 2761 602 2795 15031.
756 2762 778 2799 f
800 2762 886 2792 Ante
911 2771 1096 2793 consonam
1120 2772 1201 2793 vero
1226 2765 1278 2793 est
1301 2764 1388 2793 δῦναι
1416 2766 1444 2793 Β
1471 2763 1534 2792 413
1561 2765 1591 2792 Γ
1613 2763 1676 2792 322
1702 2765 1732 2792 Η
1761 2763 1821 2793 131
1848 2764 1880 2792 Ι(
1903 2762 1980 2798 221,
2004 2767 2115 2798 γιῶιαι

292 2822 323 2847 H
346 2819 409 2848 424
434 2822 454 2857 β
481 2817 543 2848 159
569 2829 585 2846 ιι
609 2817 674 2846 312
698 2828 721 2845 ω
748 2815 823 2850 159,
849 2820 994 2854 τερσῆναι
1020 2818 1055 2844 Π
1075 2816 1152 2850 519,
1178 2815 1221 2844 al.
1475 2824 1497 2854 9
1522 2815 1604 2852 Pag.
1630 2815 1705 2844 249.
1970 2812 1990 2842 h
2016 2813 2035 2852 ς
2062 2813 2114 2842 21.

422 2870 434 2899 i
459 2868 540 2908 Pag.
569 2866 740 2903 164d—h,
764 2866 911 2906 168f,9.
1038 2866 1060 2905 j
1083 2868 1117 2896 A
1143 2867 1207 2897 323
1229 2867 1275 2897 al.
1410 2866 1431 2896 k
1455 2870 1481 2896 A
1504 2867 1567 2897 302
1589 2866 1632 2896 al.
1769 2864 1823 2906 ῖβ
1846 2866 1908 2896 305
1931 2876 1953 2904 φ
1975 2866 2029 2900 09,
2049 2865 2114 2901 leg.

289 2923 468 2958 ἐσθέμεναι.
602 2931 631 2950 ‘m
659 2924 685 2950 E
707 2921 771 2950 486
800 2923 824 2948 O
847 2920 912 2949 400
938 2932 947 2948 ι
972 2919 1012 2949 97
1040 2931 1056 2949 υ
1081 2920 1156 2954 330,
1182 2920 1248 2957 leg.
1275 2919 1418 2956 μίμνἰνῗ
1569 2929 1589 2948 n
1615 2922 1642 2948 E
1665 2919 1729 2948 234
1753 2918 1797 2948 al.
1942 2927 1960 2948 0
1983 2918 2019 2949 Ξ
2040 2917 2116 2953 457,

289 2975 356 3011 leg.
383 2975 506 3010 ἴμεναιῗ
670 2983 693 3012 p
718 2983 736 3001 σ
760 2972 836 3001 421.
1013 2981 1031 3010 q
1056 2973 1090 3000 A
1116 2972 1179 3001 283
1209 2975 1232 3000 Ο
1258 2971 1332 3001 138.
1513 2981 1530 3000 7·
1554 2972 1582 3000 Δ
1608 2971 1651 3001 94
1675 2982 1692 3000 κ
1721 2970 1795 2999 155.
1961 2979 1976 2999 S
2000 2981 2015 2999 ο
2040 2969 2116 2999 378.

425 3030 437 3056 t
464 3039 478 3063 η
505 3027 545 3056 49
573 3026 654 3055 Hes.
680 3025 781 3062 Oper.
806 3024 881 3054 766.
1018 3033 1036 3052 u
1064 3026 1096 3052 H
1122 3024 1185 3053 199
1211 3026 1236 3052 Σ
1259 3023 1323 3052 486
1350 3035 1367 3060 γ
1393 3023 1445 3053 28.
1582 3032 1599 3052 v
1624 3035 1641 3052 κ
1668 3023 1731 3052 386
1759 3022 1803 3051 al.
1938 3031 1964 3051 w
1988 3024 2016 3050 P
2040 3022 2116 3059 355¹,

293 3079 369 3108 510.
503 3089 524 3108 ,τ
549 3081 575 3107 Ε
597 3079 661 3107 248
689 3082 715 3106 Υ
741 3078 815 3112 106,
840 3075 915 3105 209.
1080 3074 1104 3114 zj
1127 3076 1162 3104 A
1189 3076 1251 3105 170
1275 3075 1313 3113 (1.
1339 3084 1368 3104 a.
1393 3079 1416 3104 J.
1442 3074 1498 3112 14)
1524 3077 1559 3104 Φ
1583 3074 1646 3104 29‘2
1673 3077 1698 3103 θ
1725 3074 1788 3103 283
1813 3085 1831 3103 κ
1855 3073 1917 3103 537
1942 3076 1957 3102 7.
1985 3074 2037 3109 50,
2063 3074 2114 3108 89,

300 3131 357 3159 148
385 3141 400 3159 ο
426 3130 465 3159 79
491 3130 730 3167 (δειπνήσανιεσ
754 3130 820 3163 ἴμεν
844 3128 910 3165 leg.
935 3127 1036 3156 -σαιτι
1065 3127 1191 3164 ἴμειαι).
1215 3127 1356 3157 Alienus
1380 3127 1459 3156 hine
1484 3128 1537 3156 est
1559 3129 1587 3156 P
1612 3126 1685 3162 155,
1709 3133 1788 3163 pag.
1811 3127 1916 3164 2469.
