2234 3443
244 183 325 221 116
991 185 1045 212 DE
1077 183 1294 212 conserus.
1820 178 1858 222 [ἓ
1891 177 1961 225 39,
1997 178 2053 216 40

358 304 471 342 Vera
503 310 712 341 sonorum
746 298 1104 347 transpositione,
1139 298 1261 335 cuius
1293 306 1425 336 causa
1458 298 1630 336 videtur
1661 298 1796 338 fuisse
1828 300 2058 348 originatio

239 371 504 421 ingeniosior
550 378 681 416 quam
731 365 1003 415 probabilior,
1048 375 1070 403 e
1112 373 1217 402 voce
1259 361 1393 413 ὄρφνη
1434 363 1600 402 factum
1642 368 1711 404 est
1749 365 1973 416 εὐφρόνκα.
2006 369 2055 406 In

239 440 373 479 Iliade
416 437 486 476 vel
525 437 570 474 in
612 435 808 482 Odyssea
851 442 990 480 neque
1033 432 1113 469 hoc
1149 430 1482 469 substantivum
1515 431 1736 471 invenitur
1767 443 1905 481 neque
1937 433 2057 483 illud,

238 507 314 546 sed
369 504 590 544 invenitur
646 501 911 540 adiectivum
969 496 1167 547 ὀρφναῖοσ
1182 494 1210 544 ⁶,
1267 498 1337 536 cui
1389 501 1576 545 cognata
1630 500 1832 539 videntur
1877 499 2061 550 Ἕρεβοσ,

238 573 417 624 ἐρεμνόσ,
456 568 675 620 ἐρεβεννόσ.
708 567 887 606 Ionibus
919 571 1053 604 vero0
1089 566 1242 613 postea
1283 565 1326 602 in
1369 575 1450 603 usu
1492 565 1574 603 fuit
1603 564 1799 615 εὐφρόνη,
1828 578 1939 616 quae
1970 578 2058 607 vox

237 652 336 681 cum
364 640 495 679 verbo
523 635 756 685 εὐφραίνειν
784 635 878 672 sive
906 626 949 670 εὖ
977 634 1144 682 φρονεῖν
1172 632 1266 669 visa
1299 634 1366 670 est
1391 633 1635 681 cohaerere,
1665 635 1873 680 quoniam
1901 636 2056 684 »πάντα

236 709 281 747 τὰ
323 707 524 745 σπουδαῖα
567 700 709 740 υυκῑὸσ
751 703 900 750 μᾶλλον
942 695 1282 747 ἐξευρίσκεται”ᾱ.
1325 698 1419 737 Hac
1459 709 1563 738 VOCe
1604 701 1649 738 et
1686 700 1920 749 Sophocles
1951 712 2058 741 USUS

238 778 327 822 est;
362 773 473 822 apud
506 771 758 816 Pindarum,
793 766 1078 818 Aeschylum,
1112 765 1364 813 Euripidem
1402 775 1500 804 cum
1535 764 1671 815 ὄρφνκ
1702 769 1930 818 reperitur,
1963 771 2059 808 tum

237 839 433 889 εὐφρόνη,
462 838 543 876 hoc
575 836 863 883 frequentius.

920 1066 1009 1105 111.
1042 1066 1112 1105 De
1140 1078 1264 1105 sono
1299 1071 1391 1117 fe..

357 1180 385 1235 ἓ
418 1180 490 1223 40.
539 1183 583 1220 Si
625 1184 721 1230 quis
764 1182 888 1220 hodie
932 1181 1198 1219 breviarium
1246 1180 1422 1228 aliquod
1464 1179 1670 1218 dictionis
1711 1179 1858 1228 epicae
1905 1180 2059 1219 ediscit

238 1262 356 1300 puer,
401 1250 469 1289 vel
502 1250 722 1297 aliquanto
755 1250 798 1287 in
831 1249 992 1288 litteris
1024 1248 1271 1297 provectior
1304 1248 1357 1286 ad
1389 1247 1586 1286 carmina
1618 1246 1882 1285 Graecorum
1913 1249 2057 1287 vetus·

235 1320 410 1357 tissima
451 1319 495 1356 et
535 1317 673 1365 ipsius
705 1317 882 1364 linguae
915 1315 1103 1354 Graecae
1136 1315 1377 1364 primordia
1409 1314 1751 1362 pervestiganda
1781 1324 1829 1352 se
1859 1315 2061 1364 accingit,

236 1385 398 1434 fingere
440 1384 524 1423 sibi
557 1385 631 1422 vix
672 1385 817 1431 potest
857 1383 995 1422 fuisse
1026 1384 1201 1431 tempus
1233 1392 1317 1430 quo
1350 1382 1564 1433 homines,
1598 1382 1671 1428 qui
1704 1381 1866 1420 Graece
1898 1383 2062 1422 scirent

238 1456 281 1492 et
322 1452 503 1491 Homeri
545 1451 743 1490 carmina
772 1451 821 1488 ut
851 1450 1013 1498 digitos
1045 1460 1149 1488 suos
1181 1449 1390 1488 haberent
1424 1449 1612 1500 cognita,
1644 1458 1698 1487 ne
1731 1449 2062 1497 suspicarentur

237 1520 412 1568 quidem
459 1519 502 1556 in
543 1518 674 1556 huius
716 1520 869 1566 poetae
911 1517 1061 1565 lingua
1103 1516 1296 1564 aliquam
1342 1516 1480 1554 fuisse
1523 1517 1614 1554 vim
1654 1516 1751 1554 soni
1782 1526 1832 1555 w.
1876 1517 2057 1565 Signum

237 1587 404 1626 scilicet
450 1586 583 1624 huius
629 1585 726 1623 soni
772 1585 816 1622 in
862 1586 989 1623 textu
1039 1584 1285 1623 carminum
1335 1583 1557 1631 epicorum
1599 1592 1685 1621 non
1732 1583 1969 1632 legebatur,
2017 1588 2060 1623 et

237 1654 416 1703 segnius
461 1652 637 1691 irritant
684 1652 855 1690 animos
903 1651 1099 1690 demissa
1145 1660 1220 1699 per
1266 1660 1394 1688 aures
1441 1659 1570 1697 quam
1620 1659 1729 1696 quae
1776 1652 1879 1688 sunt
1924 1651 2061 1690 oculis

239 1722 448 1761 subiecta.
493 1719 676 1758 Saecula
717 1719 836 1757 fuere
880 1719 977 1767 plus
1019 1728 1150 1766 quam
1192 1717 1362 1768 viginti,
1405 1727 1479 1765 per
1511 1726 1621 1764 quae
1654 1717 1758 1754 Ilias
1790 1719 1834 1755 et
1866 1717 2059 1766 Odyssea

239 1801 263 1829 a
304 1788 506 1838 plurimis
547 1786 722 1826 assidue
762 1788 866 1824 sunt
908 1785 1059 1833 lectae,
1103 1785 1326 1833 recitatae,
1370 1784 1611 1822 memoriae
1667 1782 1842 1833 infixae,
1889 1784 2060 1824 infinita

236 1867 339 1896 cura
379 1855 622 1903 explicatae
667 1875 718 1880 —
763 1856 805 1891 et
848 1863 977 1891 nemo
1020 1852 1102 1891 fuit
1143 1852 1331 1890 Athenis
1364 1851 1433 1889 vel
1465 1851 1760 1889 Alexandriae
1793 1851 1863 1890 vel
1894 1851 2060 1891 Romae

235 1925 347 1963 inter
386 1925 451 1961 tot
492 1921 884 1969 grammaticorum
925 1919 1258 1958 ferventissima
1300 1918 1459 1966 studia,
1504 1928 1633 1956 nemo
1675 1918 1758 1956 fuit
1799 1918 1912 1957 inter
1942 1919 2060 1959 viros

236 2000 416 2039 sagaces
447 1990 543 2037 post
573 1989 747 2026 litteras
780 1989 957 2026 renatas
990 1997 1065 2035 per
1097 1988 1239 2025 totam
1271 1985 1489 2033 Europam
1523 1985 1851 2034 exemplaribus
1884 1986 2061 2027 Graecis

236 2057 554 2103 incumbentes
599 2056 671 2103 qui
701 2054 978 2101 intellegeret
1011 2053 1208 2092 carmina
1240 2052 1328 2100 illa,
1362 2062 1472 2100 quae
1504 2053 1573 2100 pio
1607 2062 1756 2092 amore
1790 2054 1988 2093 colebant
2019 2058 2062 2094 et

237 2123 580 2171 demirabantur,
626 2123 740 2161 horti
782 2121 1066 2169 Tarquiniani
1108 2120 1267 2159 referre
1309 2120 1526 2168 speciem:
1561 2129 1647 2158 non
1681 2121 1875 2168 integros
1908 2124 1951 2160 et
1980 2122 2059 2161 illi-

236 2192 363 2230 batos
410 2199 641 2238 superesse
688 2189 816 2228 flores
864 2190 1068 2227 vetustae
1110 2197 1305 2236 poeSeOS,
1354 2187 1429 2225 sed
1477 2186 1629 2225 multis
1675 2188 1921 2236 praecisum
1963 2199 2060 2229 esse

238 2260 381 2307 caput,
430 2258 539 2296 alios
587 2257 725 2295 fracto
772 2256 897 2294 caule
944 2256 1187 2304 prostratos
1236 2255 1393 2303 iacere,
1442 2254 1653 2301 quosdam
1707 2255 1919 2293 radicitus
1965 2266 2061 2296 esse

238 2321 527 2374 extirpatosf.
558 2324 655 2362 Fuit
682 2325 858 2372 tempus
885 2333 968 2371 quo
995 2323 1198 2361 homines
1217 2323 1444 2360 crederent
1459 2323 1634 2370 poetam
1651 2343 1707 2348 —
1725 2332 1811 2360 non
1830 2332 2058 2362 summum

236 2394 424 2432 dicimus
462 2391 538 2429 sed
572 2391 923 2438 qualemcunque
955 2391 1146 2439 poetam,
1181 2390 1397 2438 pepigisse
1430 2389 1599 2427 hiulcos
1632 2391 1675 2427 et
1707 2389 1884 2428 claudos
1915 2390 2061 2429 huius.-

239 2460 407 2500 Cemodi
439 2458 705 2497 Versiculos:
740 2458 938 2507 Ἀτρεΐδκσ
968 2471 1007 2495 τε
1038 2455 1140 2503 ἅναξ
1177 2456 1352 2504 ἀνδρῶν,
1383 2452 1552 2505 δαιμόνι’
1589 2454 1637 2493 οὔ
1670 2468 1712 2493 σε
1743 2455 1858 2506 ἔοικε,
1888 2457 2060 2506 χαμάὸισ

236 2528 318 2580 ῥέοι
350 2526 405 2566 ὡσ
439 2525 506 2564 ὅὸε
538 2522 663 2573 οἶνοσ,
695 2520 750 2564 ὦσ
781 2521 889 2574 ἔφατ’
923 2524 1072 2563 ἔδεισεν
1106 2523 1158 2562 δέ.
1192 2525 1310 2563 Adeo
1341 2534 1365 2562 a
1390 2524 1555 2562 teneris
1581 2524 1838 2563 adsuescere
1865 2524 2054 2563 multum

237 2597 326 2636 estl
376 2594 545 2633 Stultus
588 2596 738 2632 autem
787 2595 863 2631 aut
904 2593 1080 2640 iniquus
1122 2592 1181 2630 sit
1222 2592 1294 2639 qui
1338 2592 1506 2640 priscos
1549 2591 1795 2630 carminum
1837 2593 2054 2640 epicorum

236 2663 499 2711 interpretes
546 2661 642 2699 ideo
690 2661 908 2708 vituperet
955 2660 1023 2698 vel
1071 2661 1346 2706 contemnat;
1395 2669 1498 2697 nam
1548 2659 1618 2707 „in
1660 2659 1742 2698 hae
1784 2659 1917 2698 etiam
1961 2661 2056 2697 arte

237 2730 346 2770 nihil
377 2728 595 2767 difficilius
627 2737 756 2775 quam
789 2728 831 2765 id
865 2727 977 2774 quod
1011 2737 1057 2765 se
1089 2727 1284 2765 dicturos
1316 2726 1452 2764 fuisse
1484 2735 1638 2764 omnes
1669 2728 1827 2774 putant
1856 2747 1910 2752 -
1944 2729 2057 2774 post-

237 2807 367 2846 quam
402 2793 705 2834 audierunt”f.
1016 2796 1024 2805 ”

324 2930 343 2948 a
368 2920 447 2949 Hes.
479 2919 579 2957 Oper.
613 2917 676 2947 560
709 2925 770 2954 pro
801 2917 917 2955 μακραὶ
943 2916 1000 2956 γὰρ
1026 2918 1192 2955 ἐπίρροθοι
1217 2917 1364 2955 εὐφρόναι
1389 2917 1447 2945 εἰσί
1471 2915 1596 2945 tentari
1619 2916 1735 2953 potest
1757 2914 1868 2954 ὅρφναι
1892 2916 1969 2948 ἔασι,
1994 2914 2054 2944 sed

236 2973 339 3002 etiam
365 2974 529 3011 ἐπίρροθοι
553 2979 614 3009 pro
639 2971 845 3009 ἐπιτάρροθοι
869 2967 999 2997 dictum
1028 2969 1210 2998 molestum
1235 2970 1298 3003 est,
1322 2977 1400 3006 pag.
1427 2969 1468 2998 80
1481 2977 1506 2998 e.
1660 2966 1675 2995 h
1701 2967 1739 2996 In
1763 2965 1937 2996 locutione
1958 2970 2053 2996 νύκτα

238 3025 273 3054 δι’
302 3026 450 3065 ὀρφναίην
476 3026 505 3052 Κ
529 3025 569 3053 83
596 3024 638 3052 al.
861 3031 876 3051 c
902 3022 1087 3057 Herodoto,
1112 3021 1326 3060 Hippocrati.
1539 3019 1562 3050 d
1583 3020 1780 3058 Epicharm.
1807 3020 1870 3049 259
1894 3019 2053 3049 Lorentz.

368 3086 384 3105 e
411 3077 505 3112 Quae
547 3077 580 3105 in
622 3076 685 3105 hac
729 3077 743 3109 β
780 3075 954 3112 leguntur,
997 3076 1029 3103 in
1075 3076 1295 3112 Mnemosyne
1338 3074 1435 3110 1891,
1478 3075 1493 3104 1
1539 3081 1614 3110 sqq.
1659 3073 1807 3111 primum
1840 3075 1920 3101 eunt
1951 3072 2053 3102 edita.

370 3128 391 3164 f
407 3129 616 3158 Valckenaer
641 3128 683 3157 ad
709 3128 789 3158 Eur.
815 3128 939 3158 Phoen.
967 3128 1063 3157 1637.
