2234 3443
176 147 231 185 94
700 157 754 185 DE
785 156 1026 185 VOCALIBUS
1056 157 1107 184 ET
1139 154 1449 184 D1PHTH0Ne1s.
1863 146 1901 192 [ἓ
1936 147 1988 184 21

293 266 357 320 (0)
412 269 598 319 κυάνεοσ,
642 269 882 319 κυανόπεζα,
921 269 1204 320 κυανοχαίτκσ,
1240 267 1463 321 θυγατέρεσ
1508 269 1577 319 al„
1621 269 1811 320 φυταλίκ,
1852 268 1997 308 ὑλακό-

413 348 560 387 μωροσ,
594 337 843 386 Φυλακίδκσ,
873 335 1128 387 δυναμένοιο,
1158 336 1433 375 θυσανόεσσα.

295 403 554 442 Nominibus
597 405 825 453 Δουλίχιον,
864 404 1080 452 Εἰνοδίαα,
1128 404 1343 453 Τειρεσίκσ,
1382 403 1603 453 Πειρίθοοσ
1634 405 1742 443 haec
1772 403 1996 453 productio

177 470 311 509 etiam
351 473 506 518 postea
545 471 758 515 inhaesit;
802 471 1006 519 hominis,
1050 481 1179 518 quem
1210 471 1557 509 famosissimum
1592 471 1696 510 fecit
1727 482 1859 510 causa
1891 471 1992 509 Her·

177 538 518 586 mocopidarum,
578 548 735 576 nomen
787 538 868 576 fuit
917 535 1194 587 Hovlvn‘covb,
1244 538 1287 576 in
1333 538 1550 585 lapidibus
1596 539 1998 577 commemorantur

178 604 453 654 Πουλυδάμᾶσ
495 605 763 652 Smyrnaeus
804 607 848 643 et
878 606 1175 653 homonymus
1207 604 1420 653 Euboeus,
1456 605 1724 654 Πουλυχάρησ
1755 605 1953 644 Euboeus
1967 611 1998 652 ⁶,

175 667 298 718 loliyo
345 671 461 710 dicta
507 673 575 710 est
619 668 900 720 πουλύπουσᾶ,
947 671 1141 720 Ρειαρινώ
1187 671 1387 710 mulieris
1432 681 1592 709 nomen
1635 674 1758 710 extat
1797 673 1840 710 in
1873 672 1996 720 cippo

178 737 397 787 Boeotioe,
447 739 527 776 viri
575 737 769 785 Εἰάρινοσ
809 739 854 777 in
895 736 1141 787 Pydnaeof‚
1185 738 1400 787 δούρ(ε)ιοσ
1436 737 1559 776 ἵηποσ
1590 739 1683 786 equi
1717 739 1888 779 Troiani
1918 739 2000 779 fuit

179 815 338 844 nomen
370 806 481 853 apud
513 807 756 854 posteros9‚
790 805 1031 855 Διόσκουροι
1063 804 1256 846 Dioscuri
1282 805 1541 844 audiverunt
1567 806 1685 844 Iovis
1711 804 1831 846 filiill.
1858 808 2000 846 Etiam

179 873 383 911 adiectivi
404 870 623 925 Ιάθάνατοσ
653 873 812 911 similis
842 873 924 912 fuit
956 884 1064 922 sors,
1098 883 1201 912 nam
1234 874 1374 922 poetis
1405 873 1589 912 scenicis
1618 873 1789 921 syllaba
1821 875 2002 914 initialis

179 939 309 987 longa
341 940 464 978 fuiti.

297 1006 580 1045 Recentiores
613 1016 714 1045 vero
745 1010 900 1054 poetae
927 1018 1025 1046 cum
1054 1008 1116 1046 rei
1142 1008 1356 1046 rationem
1384 1017 1536 1055 parum
1554 1008 1896 1057 perspexissent,
1917 1018 2002 1047 non

180 1073 322 1113 solum
364 1073 540 1123 εἰαρινόσ
580 1073 721 1112 dicere
762 1075 1081 1122 sustinuerunt,
1120 1075 1232 1122 quod
1274 1074 1570 1113 necessarium
1612 1076 1706 1112 erat
1736 1074 2003 1125 licitumque,

179 1141 255 1179 sed
298 1141 432 1179 etiam
475 1135 596 1190 dap),
637 1140 770 1191 εἴαροσ
785 1138 817 1189 k,
856 1140 956 1191 εἴαρι
970 1139 992 1190 l,
1028 1151 1137 1189 quae
1168 1141 1337 1179 inutilis
1367 1141 1451 1179 fuit
1482 1141 1707 1189 productio
1740 1144 1783 1180 et
1814 1142 2006 1182 Homero

178 1208 318 1246 iudice
352 1207 538 1246 soloeca.

300 1341 415 1390 Quae
458 1342 585 1380 modo
621 1345 725 1380 sunt
757 1344 1009 1392 expositam,
1042 1354 1117 1392 pro
1150 1346 1272 1393 parte
1304 1344 1432 1392 longe
1464 1344 1629 1382 maiore
1662 1354 1711 1382 eo
1743 1344 1925 1383 redeunt
1955 1351 2006 1388 ut

180 1409 360 1460 quinque
405 1408 677 1456 syllabarum
724 1410 911 1449 brevium
958 1412 1162 1460 deinceps
1207 1412 1250 1450 in
1298 1422 1429 1451 versu
1476 1412 1647 1450 heroico
1694 1411 2005 1450 collocatarum

181 1477 318 1515 media
363 1477 481 1514 arsin
529 1477 723 1516 obtinere
770 1479 961 1526 potuerit
1004 1480 1043 1517 si
1085 1481 1204 1518 esset
1241 1480 1380 1520 finalis
1416 1481 1492 1518 aut
1521 1479 1706 1518 initialis.
1739 1479 2006 1525 Frequentes

178 1545 312 1592 igitur
358 1544 401 1582 in
450 1545 716 1583 carminibus
762 1546 898 1594 epicis
943 1549 1047 1585 sunt
1087 1547 1131 1585 hi
1171 1547 1364 1586 numeri:
1408 1560 1537 1596 oenoe,
1571 1556 1709 1593 neque
1740 1548 1889 1584 tamen
1921 1545 2007 1583 rari

180 1624 285 1660 naseu,
319 1611 459 1649 multo
493 1621 595 1650 vero
628 1611 814 1650 rariores
845 1615 948 1651 sunt
979 1614 1283 1653 huiuscemodi
1314 1614 1509 1653 numeri:

539 1676 668 1727 εὑρὼν
695 1675 720 1728 ἢ
751 1677 900 1727 ἔλαφον
931 1679 1078 1731 κεραὸν
1109 1677 1149 1731 ἠ’
1186 1679 1326 1732 ἄγριον
1356 1676 1449 1732 αἶγα
1481 1683 1616 1726 (eom).

535 1745 680 1794 Κίρκκι
715 1744 864 1792 {artiga
895 1746 951 1785 ὥσ
983 1761 1020 1785 τε
1051 1748 1240 1798 κτάμεναι
1270 1748 1488 1798 μενεαίνων
1520 1751 1630 1792 hm).

298 1811 441 1850 Etiam
488 1812 656 1850 tribrevi
695 1823 798 1851 voce
840 1814 1062 1862 dactylum
1107 1816 1303 1864 potuisse
1335 1815 1513 1864 expleri,
1544 1825 1629 1853 non
1660 1815 1841 1862 cogente
1873 1813 2007 1861 igitur

181 1880 334 1927 metro,
382 1879 733 1918 demonstratum
780 1881 860 1919 ivit
904 1882 1087 1921 Schulze
1102 1898 1134 1931 n,
1180 1893 1309 1921 voces
1351 1881 1520 1932 οὔνομα,
1550 1876 1698 1930 (paruo,
1729 1876 1816 1931 ἄορι
1847 1882 1891 1919 et
1921 1895 2005 1932 -ρα,

180 1945 378 1995 pellam),
407 1944 533 1995 τείρεα
545 1953 575 1995 q,
606 1947 784 1984 πείκετεν
812 1958 967 1996 parum
998 1949 1279 1998 probabiliter
1310 1950 1372 1989 sic
1405 1949 1642 1999 explicans.

299 2080 466 2128 Stirpes
507 2080 746 2128 disyllabae
789 2085 832 2121 et
873 2083 1188 2134 polysyllabae,
1232 2095 1257 2123 a
1298 2084 1440 2123 vocali
1469 2084 1591 2123 brevi
1622 2093 1761 2130 neque
1788 2083 2004 2131 positione

180 2147 389 2195 producta
427 2147 699 2197 incipientes,
742 2149 787 2187 in
828 2149 1003 2198 longam
1047 2151 1244 2190 vocalem
1277 2151 1390 2190 hanc
1420 2152 1648 2190 mutabant
1679 2161 1779 2190 cum
1810 2150 2003 2189 nominis

181 2214 410 2262 compositi
443 2215 511 2252 vel
545 2215 664 2253 verbi
696 2217 984 2266 decompositi
1014 2221 1184 2266 partem
1216 2220 1504 2267 posteriorem
1536 2219 1805 2258 efficiebant:

300 2277 371 2332 (α)
419 2278 495 2319 ἀασ
600 2277 843 2328 ἀνᾶα(σ)τοσ.

417 2345 510 2399 ἀγερ
601 2346 683 2399 ὅμ-,
703 2351 971 2402 πολυκγερήσ,
991 2349 1229 2403 ὁμηγυρίζω,
1245 2350 1498 2404 θῦμκγερὲω,
1511 2355 1662 2403 νεφελ-,
1678 2349 2002 2403 στεροπηγερέτα.

418 2411 486 2464 ἀερ
601 2418 809 2468 μετήοροσ,
839 2416 1041 2470 ἀπήωροσ.

417 2479 513 2520 ἀκεσ
603 2482 834 2524 ἀνήκεστοσ.

418 2547 510 2600 ἀλεγ
600 2549 869 2604 ἀπηλεγέωσδ,
900 2554 1159 2606 τανκλεγήσῖ.

417 2613 535 2666 ἆμειβ
595 2616 666 2667 ἐξ,
694 2618 927 2671 ἐπημοιβόσ.

271 2779 290 2798 a
314 2769 394 2798 Eur.
425 2768 465 2798 fr.
498 2768 576 2804 310,
603 2766 763 2796 Valcken.
795 2766 903 2797 Diatr.
936 2769 1008 2798 167.
1167 2768 1182 2798 b
1215 2767 1409 2799 Pherecrat.
1435 2769 1476 2799 fr.
1502 2770 1554 2799 58.
1713 2777 1729 2798 c
1752 2768 1886 2804 Smyrn.
1912 2766 1999 2796 5616

183 2820 269 2850 Eub.
302 2820 412 2850 5311b
444 2822 478 2850 et
511 2816 656 2849 5312259.
789 2818 812 2849 d
833 2818 1006 2858 Aristoph.
1041 2822 1080 2851 sr.
1113 2822 1176 2851 235
1211 2821 1409 2851 Pherecrat.
1434 2822 1473 2851 13
1501 2821 1544 2850 al.
1568 2820 1659 2859 apud
1683 2820 1898 2850 Athenaeum
1924 2819 2004 2848 316.

315 2882 330 2902 e
352 2873 471 2902 Boeot.
495 2873 569 2903 771.
705 2871 728 2908 f
745 2872 862 2910 Epigr.
886 2873 1005 2903 Kaibel
1031 2874 1106 2910 515,
1129 2873 1147 2912 ξ
1177 2875 1228 2904 70.
1359 2884 1381 2914 y
1405 2875 1460 2904 Ar.
1486 2874 1546 2904 Av.
1563 2875 1660 2904 1128.
1794 2871 1906 2901 ΙιΔιὸσ
1919 2872 2000 2910 κόρω

184 2925 265 2955 Eur.
285 2923 361 2954 Hel.
382 2926 445 2954 284
465 2925 509 2954 al.
645 2923 658 2954 i
677 2925 737 2954 Ex.
751 2934 801 2961 gr.
814 2926 868 2955 Ar.
884 2927 1053 2955 Av.1224.
1177 2925 1198 2965 j
1217 2927 1313 2957 Bion.
1328 2925 1373 2956 VI
1389 2927 1439 2956 15.
1575 2925 1595 2956 lc
1607 2926 1649 2956 H.
1662 2924 1736 2955 Cer.
1752 2925 1813 2955 174
1828 2923 2003 2954 Theocrit.

185 2977 247 3007 VII
271 2978 311 3007 97
334 2977 399 3007 XII
424 2979 464 3007 30
487 2977 570 3007 XIII
585 2978 626 3007 26
645 2978 741 3007 Bion.
766 2978 809 3007 VI
831 2979 858 3007 1.
995 2978 1009 3007 l
1030 2978 1202 3011 Theocrit.
1222 2979 1335 3009 XXIII
1350 2980 1389 3009 29
1411 2979 1507 3009 Bion.
1520 2979 1566 3010 VI
1581 2979 1632 3009 17.
1766 2977 1826 3015 ηιξ
1858 2976 1998 3006 19-21,

186 3030 236 3059 Cf.
262 3028 280 3067 ξ
306 3030 346 3059 38
370 3027 405 3058 in
430 3030 507 3059 fine.
660 3039 681 3059 n
705 3029 842 3065 Quaest.
867 3029 928 3067 Ep.
954 3031 1017 3060 203
1043 3038 1117 3068 sqq.
1263 3041 1280 3061 o
1305 3032 1322 3069 ἕ
1348 3032 1400 3062 71.
1540 3041 1565 3070 p
1589 3031 1620 3060 Ω
1645 3030 1698 3060 79.
1843 3032 1902 3069 qi
1925 3028 2003 3058 485.

318 3091 335 3110 r
359 3093 377 3110 σ
402 3083 476 3111 316.
610 3091 626 3111 S
651 3086 668 3111 l
690 3083 753 3112 309
778 3082 833 3117 aL,
856 3082 876 3111 l.
902 3090 929 3111 a.
958 3083 1141 3120 ἀνηλεγέωσ.
1279 3086 1290 3113 t
1316 3086 1343 3114 Θ
1367 3084 1408 3114 ’70
1431 3083 1488 3119 al„
1508 3083 1651 3112 Bechtel
1675 3084 1834 3120 ἀνηλεγήσ.
