2234 3443
246 187 328 225 188
845 196 899 224 DE
929 196 1249 225 DEchAmom:
1280 196 1452 225 ΤΕΒΤῙΔ.
1832 189 1870 233 [ξ
1906 188 1973 234 76,
2009 187 2063 225 77

359 308 594 348 Varietatis
640 310 684 348 in
733 311 1136 358 patronymicorum
1185 309 1527 349 masculinorum
1572 310 1918 350 conformatione
1959 310 2064 350 obti-

241 376 388 415 nentis
429 385 561 415 causa
601 376 684 414 fuit
720 378 924 416 metrum.
958 376 1058 425 Ipsa
1088 376 1239 425 lingua
1271 376 1506 425 praebebat
1537 377 1695 417 suffixa
1725 376 1814 416 -ίων
1847 380 1891 416 et
1920 376 2067 415 -c‘duoa

243 445 299 491 et,
343 443 454 491 quod
496 443 540 482 in
573 444 695 492 epica
726 444 916 483 dictione
947 454 1032 483 non
1066 446 1135 483 est
1166 447 1444 494 usurpatum,
1477 443 1606 483 -ιόέοσ
1638 446 1746 490 (Att.
1778 444 1957 491 -ιδοῦσ);
1988 444 2066 483 sed

240 509 384 549 forma
433 511 625 559 Πκληΐων
671 511 740 549 vel
789 509 1031 560 Πκληΐδκσό
1080 521 1164 550 non
1213 500 1533 551 admittebatur
1578 512 1776 551 numeris
1821 511 2064 559 dactylicis.

243 576 509 626 Quapropter
555 580 643 626 aut,
692 582 890 627 correpta
930 579 1099 626 syllaba
1143 579 1533 628 antepaenultima,
1577 579 1694 618 dicta
1734 583 1839 618 sunt
1873 578 2065 628 Πκλῆΐων

238 646 282 683 et
339 645 566 694 Πκλῆῒδκσ,
622 655 732 693 quae
779 646 910 685 scribi
957 646 1104 685 solent
1153 647 1339 685 Πκλεΐων
1383 649 1427 685 et
1474 646 1722 699 Πκλεΐδκσσ,
1766 649 1854 694 aut,
1899 646 2066 684 inserta

240 711 395 760 vocali,
430 712 673 761 Πκλητάδκσ
686 709 719 751 d.
753 713 895 751 Simili
929 713 997 752 vel
1031 714 1166 753 etiam
1198 715 1364 753 maiore
1392 714 1596 753 libertate
1628 724 1653 752 a
1689 714 1866 753 nomine
1893 713 2065 762 proprio

240 779 462 828 Πείραιοσθ
493 780 673 819 ductum
701 783 769 819 est
799 782 1157 829 patronymicum
1185 782 1409 832 Πειραΐδκσ
1421 779 1452 827 f,
1483 781 1745 821 Teuthrantis
1761 780 1877 821 filius
1894 781 2064 820 audivit

243 847 571 896 Τευθρανίδκσέῑ,
593 846 858 887 Deucalionis
879 836 995 888 filius
1022 848 1276 887 Δευκαλίδκσ
1290 846 1322 898 b,
1349 849 1638 889 Anthemionis
1656 848 1896 899 Ἀνθεμίδκσ
1909 846 1933 898 2',
1949 851 1993 888 et
2009 848 2062 887 ab

240 912 447 954 Eleusinis
478 915 655 954 nomine
687 916 867 954 ductum
900 918 969 955 est
994 911 1309 955 Ἐλευσινίδκσά.

358 981 483 1020 Metri
525 984 673 1021 autern
712 993 845 1022 causa
886 993 996 1031 quae
1039 994 1064 1022 a
1105 985 1247 1032 poetis
1290 984 1622 1032 corripiebantur
1649 984 1837 1032 vocales,
1874 993 1948 1022 eas
1978 992 2064 1022 non

239 1049 283 1086 et
315 1058 415 1087 cum
449 1049 589 1088 vocali
619 1051 821 1098 sequenti
853 1051 1049 1099 potuisse
1081 1050 1284 1100 confluere
1316 1051 1479 1090 clamat
1505 1052 1638 1099 ratio;
1673 1061 1776 1090 narn
1805 1050 2004 1090 contrahi
2030 1049 2070 1089 si

238 1115 450 1164 licuisset,
485 1118 641 1166 corripi
671 1128 758 1158 non
791 1120 885 1157 erat
916 1128 1109 1158 necesse.
1143 1119 1496 1158 contractionem
1528 1119 1678 1167 lingua
1710 1119 1830 1167 prius
1861 1128 1947 1158 non
1963 1117 2068 1157 tulit

239 1193 371 1231 quam
403 1184 446 1222 in
479 1184 573 1232 ipsa
605 1185 793 1224 dictione
825 1186 1080 1234 quotidiana
1111 1196 1247 1225 sonus
1280 1189 1439 1225 natura
1470 1186 1630 1234 longus
1657 1186 1701 1225 in
1730 1186 1907 1225 brevem
1936 1185 2064 1232 abiit;

239 1260 467 1299 perperam
500 1254 650 1290 autem
682 1252 949 1301 perhibitum
978 1257 1046 1292 est
1081 1252 1168 1302 „Su
1200 1250 1321 1292 οὐδὲν
1356 1252 1670 1304 πατρωνυμικὸν
1685 1252 1794 1304 παρὰ
1819 1259 1886 1291 τῶι
1906 1257 2067 1302 ποιητῆι

239 1315 314 1367 ἔχει
345 1316 422 1367 πρὸ
452 1316 591 1357 τέλουσ
622 1318 902 1368 ὃιεσταλμένον
932 1319 975 1358 τὸ
1007 1320 1103 1358 ἰῶτα
1134 1318 1213 1359 ἀπὸ
1242 1318 1375 1371 ἑτέρου
1402 1318 1713 1370 qomvvjsvtofflk,
1743 1331 1764 1360 e
1783 1321 1916 1359 meris
1933 1320 2067 1369 igitur

240 1385 445 1434 spondeis
477 1389 679 1426 constare
711 1390 827 1427 nunc
859 1398 1062 1427 versum:

536 1453 746 1502 Άτρείδκσ·
777 1453 829 1494 τὼ
863 1451 898 1493 δ’
935 1449 1016 1494 αὖτ’
1053 1454 1094 1494 ἐκ
1130 1455 1278 1506 δίφρου
1305 1453 1604 1508 ’γουναζέσθην
1620 1454 1646 1505 l,

240 1519 455 1568 singulari
487 1523 636 1560 autem
667 1521 854 1562 artificio
887 1523 1183 1572 compositum
1217 1534 1314 1563 esse
1346 1535 1528 1564 versum
1566 1526 1841 1572 sequentem:

561 1583 590 1626 ὦ
623 1588 752 1639 μάκαρ
786 1589 973 1640 Ἀτρείδη,
1005 1589 1257 1641 μοιρηγενέσ,
1287 1588 1550 1643 ὀλβιόδαιμον
1565 1599 1608 1642 ⁹³,

238 1654 454 1702 gradatim
487 1656 604 1694 enim
637 1657 766 1696 huius
805 1657 938 1696 verba
969 1668 1162 1698 crescere
1193 1658 1319 1708 ,κατὰ
1343 1658 1567 1709 πρόσθεσιν
1593 1659 1873 1710 συλλαβῆσ”η.
1901 1657 2066 1706 Nempe

237 1722 430 1770 poeticae
475 1722 678 1762 licentiae
727 1724 874 1763 deberi
922 1725 1042 1764 vocis
1085 1727 1255 1776 Πκλῆοσ
1296 1728 1340 1765 et
1372 1727 1585 1766 similium
1619 1736 1776 1766 sonum
1809 1741 1834 1776 η
1867 1725 2068 1764 homines

239 1788 344 1827 olim
385 1790 612 1839 putabant,
655 1792 891 1840 genuinam
927 1796 1075 1831 autem
1108 1794 1152 1831 in
1185 1794 1374 1833 dictione
1407 1794 1600 1843 Homeri,
1634 1796 1682 1832 ut
1714 1794 1758 1832 in
1789 1795 2066 1842 posterorum

238 1866 457 1907 sermone,
483 1858 619 1898 fuisse
653 1859 848 1898 vocalem
883 1867 942 1898 20.
976 1859 1255 1900 Contrarium
1289 1861 1533 1901 obtinuisse
1566 1862 1705 1900 sensit
1735 1860 1924 1909 Brunck,
1967 1869 2068 1898 nus-

237 1934 369 1972 quam
398 1926 516 1965 enim
543 1936 629 1965 non
657 1927 699 1966 in
728 1927 997 1967 carminibus
1025 1929 1159 1977 epicis
1187 1929 1362 1969 vocales
1383 1935 1454 1968 -εῑ-
1471 1929 1709 1978 separatim
1727 1928 1910 1977 proferri
1926 1937 2067 1976 posse,

238 1992 394 2040 quippe
427 2003 536 2040 quae
569 1994 611 2032 in
644 1994 744 2034 thesi
775 2005 949 2044 semper
981 1998 1024 2035 et
1056 1997 1214 2045 ubique
1240 1997 1332 2036 sint
1358 1997 1649 2044 collocatae&
1678 1996 1890 2044 distingui
1916 1996 2065 2034 autem

236 2055 375 2098 iubent
407 2060 563 2099 horum
597 2061 907 2101 vocabulorum
942 2063 1063 2112 origo
1092 2067 1136 2103 et
1168 2064 1455 2103 conformatio
1469 2071 1501 2103 9.

479 2343 539 2382 V.
572 2344 641 2383 De
670 2346 853 2384 tertiae
884 2346 1245 2385 declinationis
1272 2347 1540 2386 vocabulis
1570 2347 1834 2386 anomalis.

358 2460 386 2517 ἓ
429 2463 499 2506 77.
540 2465 761 2506 Vocabula
793 2468 1041 2508 masculina
1070 2468 1226 2522 ιρῑδρώσ
1258 2470 1301 2508 et
1332 2468 1451 2520 χρώσ,
1481 2469 1692 2509 feminina
1724 2468 1850 2507 αἰὸώσ
1882 2471 1925 2508 et
1950 2465 2063 2508 Ἤώσ

239 2534 282 2569 et
315 2542 425 2580 quae
462 2534 505 2570 in
538 2533 587 2571 -ώ
621 2533 857 2574 desinuntr
888 2536 952 2575 sic
978 2536 1269 2576 flectebantur
1283 2544 1317 2575 ³:

714 2602 830 2652 κρώσ,
860 2603 971 2654 χρόα,
1000 2604 1133 2654 κροόσ,
1163 2605 1260 2655 προΐ-

710 2670 847 2719 Λκτώ,
877 2670 1032 2721 Aaron,
1062 2671 1240 2719 Λκτόοσ,
1269 2671 1411 2722 Λκτόῖ,
1441 2671 1609 2711 Λκτοῖί.

327 2791 346 2810 a
371 2782 453 2819 Pag.
479 2782 552 2812 187.
732 2782 748 2812 b
771 2784 810 2813 In
834 2786 982 2815 nummis
1008 2786 1132 2816 Samiis
1155 2786 1282 2824 legitur
1307 2787 1516 2827 ᾍριστήιδησ,
1541 2786 1614 2816 Ion.
1642 2786 1740 2816 5721.
1929 2785 1983 2823 οξ
2011 2785 2062 2815 17.

371 2833 394 2863 d
421 2833 513 2864 Item
544 2836 759 2873 Ἀγχῑσιάδησ,
792 2839 1092 2878 Ἀμφιτρυωνιάδησ,
1121 2839 1330 2879 Λέορτιάδησ,
1363 2839 1653 2877 Λᾶομεδοντιάδησ,
1677 2839 1738 2873 aL:
1764 2848 1825 2878 pro
1846 2838 1999 2876 Ὀῖλιάδησ
2024 2839 2064 2867 Μ

241 2886 303 2915 365
329 2887 371 2915 al.
398 2887 463 2924 leg.
485 2887 642 2926 Ὀϊλιΐδησ.
800 2898 816 2919 e
839 2901 855 2919 ο
877 2890 940 2920 539
966 2900 1016 2927 sq.
1043 2892 1086 2921 al.
1244 2891 1266 2928 f
1285 2895 1311 2921 A
1339 2893 1414 2922 228.
1531 2902 1552 2931 y
1576 2896 1604 2921 Z
1631 2894 1682 2922 13.
1819 2891 1838 2920 h
1862 2894 1905 2921 M
1929 2892 1990 2922 117
2018 2892 2062 2921 al.

374 2938 385 2967 i
409 2942 435 2967 A
461 2939 538 2975 473,
563 2942 639 2971 488.
765 2940 787 2981 j
809 2942 850 2972 Η.
876 2942 1039 2973 Cer.105.
1175 2943 1195 2973 k
1219 2945 1392 2982 Tyrannio
1405 2944 1488 2974 add
1504 2945 1579 2975 228.
1717 2944 1731 2974 I
1751 2946 1780 2974 A
1797 2945 2016 2983 130,pag.44
2033 2943 2061 2974 b.

372 3001 398 3019 m
426 2993 540 3022 Γ182.
675 3003 695 3022 n
715 2994 797 3032 Pag.
819 2995 860 3025 38
881 3005 911 3024 a.
1047 3004 1063 3025 o
1086 2996 1167 3034 Pag.
1183 2998 1222 3026 31
1239 3006 1290 3033 sq.
1421 3007 1446 3036 p
1469 2997 1543 3027 Hoc
1556 3000 1760 3035 argumento
1774 3006 1845 3026 rem
1859 3006 1923 3026 nou
1940 2997 2061 3027 confici

239 3041 390 3072 ostendit
409 3043 574 3074 Ludwich
598 3046 700 3076 Arist.
724 3047 759 3077 11
784 3047 848 3077 244
873 3057 948 3086 sqq.
1096 3060 1114 3089 q
1137 3050 1303 3080 Mnemos.
1330 3051 1428 3086 1889,
1454 3050 1517 3080 202
1543 3059 1618 3088 sqq.
1771 3060 1788 3079 r
1812 3048 1952 3089 Propria
1975 3049 2061 3079 haec

239 3097 372 3125 tantum
398 3105 463 3126 non
491 3098 605 3127 omnia
629 3102 709 3129 sunt
733 3101 884 3130 nomina.
1037 3110 1052 3131 s
1075 3101 1209 3132 Ahreus
1234 3103 1355 3132 Kuhus
1377 3103 1494 3132 Zschr.
1525 3103 1621 3137 1854,
1647 3103 1686 3132 81
1713 3111 1788 3140 sqq.
1814 3100 1866 3142 (=
1893 3102 1938 3132 kl.
1965 3103 2060 3133 Schr.

239 3146 255 3176 I
280 3148 319 3177 31
347 3148 449 3188 sqq).
589 3152 600 3179 t
633 3153 667 3180 Φ
692 3152 768 3182 498.
793 3150 877 3183 Cum
901 3152 1051 3183 vocativi
1076 3155 1223 3183 termino
1248 3160 1293 3184 -οῖ
1315 3156 1474 3192 congruit
1498 3155 1731 3185 nominativus
1755 3155 1788 3184 in
1813 3158 1861 3185 -ώι
1887 3155 2061 3192 desinens,
