2234 3443
229 159 249 195 1
260 159 312 197 18
979 174 1033 202 DE
1065 174 1281 205 consonis
1909 168 1948 212 [ἓ
1982 167 2038 204 40

226 281 534 329 aerumnisque
581 283 824 336 districtus,
874 288 977 327 dum
1025 299 1124 328 cum
1171 290 1386 338 theologis
1432 291 1706 340 digladiatur,
1750 291 1867 330 vitae
1909 301 2040 338 quam

224 348 364 396 operis
410 349 588 389 tandem
636 355 862 402 susceptia
907 354 1039 394 finem
1081 357 1202 405 prius
1247 358 1417 396 invenit
1461 359 1778 405 octogenarius,
1828 357 1943 406 Quae
1991 358 2041 396 de

223 415 412 454 Homero
459 419 781 467 conscripserat
821 421 865 459 in
908 423 1080 461 scriniis
1122 422 1300 472 Collegii
1340 424 1567 463 Trinitatis
1604 424 1908 472 Cantabrigiae
1941 424 2038 462 deli·

222 484 414 522 tuerunt.
448 484 611 534 Insere,
645 486 829 537 Daphni,
862 489 1000 536 piros:
1036 493 1216 539 carpent
1247 493 1323 529 tua
1355 501 1486 539 poma
1517 493 1717 540 nepotes!

341 550 499 597 Aliqua
540 552 709 592 inventi
741 555 988 594 Bentleiani
1019 557 1179 595 notitia
1211 559 1378 596 sensim
1411 558 1464 596 ad
1496 559 1616 597 viros
1648 559 1798 598 doctos
1829 558 2042 597 manavit.

223 616 401 656 Samuel
435 618 601 668 Clarke‚
637 622 708 668 qui
739 622 940 661 Bentleio
972 623 1251 663 familiariter
1282 625 1500 674 utebatur,
1534 636 1626 664 rem
1661 626 1807 674 tetigit
1832 627 1876 664 in
1901 627 2044 674 primo

225 685 447 724 volumine
495 687 644 726 Iliadis
691 688 743 726 ab
791 689 884 737 ipso
931 688 1225 740 recognitaeb,
1269 692 1344 730 sed
1387 692 1451 731 ita
1491 693 1636 740 tetigit
1677 694 1726 731 ut
1761 703 1915 742 parum
1958 691 2041 730 sibi

219 756 496 802 perspectam
523 756 814 796 ostenderetc.
854 758 1060 806 Apertius
1087 758 1241 798 Clarke
1272 759 1470 799 Bentleio
1503 760 1681 799 favebat
1706 760 1893 799 triennio
1926 761 2039 808 post,

221 820 273 858 ab
307 821 447 860 amico
480 822 668 861 fortasse
694 823 878 863 meliora
909 825 1086 864 interim
1114 826 1294 865 edoctus
1307 823 1340 866 d.
1367 820 1531 866 Eodem
1559 837 1672 866 anno
1699 827 1791 876 ipse
1816 827 2044 866 Bentleius

221 897 382 927 novam
424 889 662 928 editionem
704 890 901 930 Paradisi
939 893 1094 931 amissi
1131 893 1323 933 Miltonis
1357 894 1546 941 curavit;
1581 894 1625 932 in
1658 904 1743 942 qua
1774 895 2041 942 recensione,

223 956 347 993 tanto
389 955 563 1004 ingenio
602 957 793 1006 indigna,
843 982 888 987 —
925 970 1027 999 nam
1060 961 1222 999 iterum
1254 962 1448 1000 amissus
1480 972 1590 1010 esse,
1624 961 1763 1000 immo
1794 961 2046 1010 disperiisse

224 1023 452 1070 paradisus
481 1024 710 1063 videbatur
737 1028 836 1074 post
861 1027 1033 1067 Bentlei
1061 1038 1187 1067 curas
1214 1030 1405 1078 criticas,
1434 1052 1487 1057 -
1507 1040 1606 1068 cum
1623 1029 1805 1068 Homeri
1829 1029 2043 1077 quaedam

223 1090 356 1128 verba
381 1090 569 1141 afferret,
600 1092 669 1131 his
687 1093 914 1141 digamma
931 1105 1010 1134 suo
1028 1096 1122 1135 loco
1141 1096 1341 1145 appinxit
1354 1104 1381 1136 e.
1411 1097 1633 1146 Quantillo
1652 1099 1800 1135 autem
1819 1097 2044 1135 momento

223 1157 464 1205 impellitur
496 1168 624 1198 mens
656 1161 886 1201 hominum
919 1163 1032 1202 inter
1064 1174 1233 1203 errores
1264 1167 1309 1203 et
1340 1175 1444 1204 vera
1476 1165 1705 1204 vacillans!
1741 1164 1836 1203 Non
1863 1164 2046 1202 admira-

223 1223 382 1263 bantur
399 1235 587 1265 acumen
605 1227 769 1276 ingenii
786 1229 1046 1280 Bentleiani,
1065 1241 1151 1270 non
1177 1231 1331 1280 cupide
1349 1232 1614 1280 arripiebant
1629 1242 1783 1270 verum
1801 1231 2046 1279 inventum,

225 1292 300 1330 sed
333 1293 534 1332 ridebant
565 1295 686 1334 verbi
718 1294 887 1334 Ρέοικασ
918 1308 1078 1337 sonum
1110 1298 1338 1337 insolitum
1366 1309 1391 1338 a
1416 1300 1650 1348 typotheta
1675 1299 1896 1338 redditum
1922 1299 2047 1347 signo

222 1359 356 1398 nimis
387 1371 563 1410 magno,
592 1363 704 1410 quod
736 1364 901 1412 „veluti
928 1363 1112 1414 ἄμουσον
1137 1366 1355 1413 quendam
1384 1367 1567 1406 Saulum
1595 1377 1726 1415 super
1752 1368 1896 1405 cetera
1920 1366 2046 1414 signa

223 1427 444 1466 eminere'’
478 1429 705 1469 iocabatur
737 1434 868 1479 poeta
900 1430 1070 1472 dicaxf.

343 1495 641 1546 Margaritam‚
684 1499 807 1537 cuius
839 1500 1030 1548 pretium
1062 1500 1140 1539 vix
1171 1510 1284 1539 unus
1317 1503 1359 1540 et
1392 1501 1503 1540 alter
1534 1502 1648 1540 inter
1679 1501 1852 1540 Bentlei
1884 1501 2052 1539 amicos

227 1564 270 1601 et
311 1563 549 1612 discipulos
581 1569 836 1616 agnoverat,
871 1578 893 1606 e
927 1578 1059 1607 coeno
1092 1568 1165 1607 ubi
1196 1568 1368 1608 abiecta
1397 1568 1570 1608 iacebat
1601 1569 1770 1618 primus
1801 1568 1983 1607 sustulit
2013 1568 2052 1606 is

226 1630 300 1677 qui
345 1631 620 1679 „Bentleium
659 1634 769 1672 nihil
801 1634 844 1673 in
878 1635 1056 1674 Graecis
1088 1637 1348 1684 cognovisse
1380 1637 1469 1675 nisi
1501 1647 1556 1675 ex
1587 1636 1804 1675 indicibus
1835 1635 2050 1684 petitum”

225 1697 459 1746 aliquando
487 1700 706 1740 affirmare
733 1711 819 1741 non
847 1702 1034 1751 erubuit,
1064 1703 1130 1742 ira
1158 1705 1201 1742 et
1226 1704 1392 1742 invidia
1420 1706 1702 1755 occaecatus3
1728 1713 1831 1742 nam
1854 1702 2050 1741 Bentleio

225 1767 320 1803 erat
346 1767 545 1806 omnium
574 1768 821 1816 aequalium
849 1771 1079 1818 proximus
1106 1770 1295 1819 ingenio.
1323 1771 1559 1810 Ricardum
1577 1771 1830 1809 Dawesium
1848 1770 2049 1818 dicimus,

227 1833 350 1871 cuius
382 1833 662 1874 Miscellanea
695 1836 856 1875 Critica
886 1838 1017 1876 tertio
1049 1840 1151 1885 post
1181 1838 1354 1876 Bentlei
1385 1840 1576 1877 mortem
1609 1847 1725 1876 anno
1756 1839 1858 1876 sunt
1891 1837 2052 1875 editay.

226 1900 275 1938 In
306 1900 388 1938 IVa
418 1902 549 1940 huius
582 1904 729 1951 operis
761 1905 956 1944 sectione
989 1905 1133 1953 agitur
1163 1906 1212 1944 de
1242 1906 1507 1944 consonantis
1537 1916 1620 1943 vau
1644 1906 1803 1944 virtute.
1833 1904 1911 1944 Cui
1938 1914 2051 1943 com-

223 1969 485 2008 mentationi
541 1970 692 2009 insunt
739 1971 1068 2011 observationes
1116 1973 1415 2021 acutissimae,
1465 1973 1615 2011 insunt
1664 1973 1866 2020 egregiae
1908 1981 2052 2010 emen-

225 2035 424 2074 dationes
452 2037 701 2086 complures
714 2036 746 2087 h,
775 2042 820 2077 at
846 2039 934 2078 alia
958 2040 1098 2078 risum
1127 2040 1196 2079 vel
1224 2050 1436 2079 nauseam
1464 2042 1657 2079 movent.
1674 2039 1884 2087 Displicet
1901 2041 2049 2077 autem

314 2234 334 2253 a
359 2225 623 2263 Septuagesimo
659 2225 784 2256 aetatis
821 2236 909 2256 anno
944 2228 1140 2266 exemplum
1172 2228 1335 2258 editionis
1365 2230 1548 2266 poetarum
1584 2227 1792 2257 Graecorum
1826 2226 1867 2255 ab
1903 2226 2051 2255 Henrico

227 2276 403 2314 Stephano
425 2280 566 2308 curatae
587 2279 677 2308 notis
697 2279 952 2318 marginalibus
973 2281 1145 2310 instruere
1167 2280 1292 2318 coepit,
1313 2281 1390 2310 aliis
1411 2283 1524 2310 autem
1549 2279 1678 2309 chartis
1699 2279 1863 2309 credebat
1878 2278 2056 2308 uberiores

227 2327 406 2366 aliquanto
439 2331 717 2368 commentarios,
750 2341 836 2370 quos
870 2342 980 2371 usque
1013 2333 1056 2363 ad
1088 2336 1121 2363 H
1145 2333 1186 2363 54
1215 2333 1376 2368 deduxit3
1408 2333 1595 2371 separatim
1621 2341 1758 2370 quoque
1782 2331 1911 2362 multas
1935 2331 2052 2360 obser-

229 2380 384 2411 vatione-
410 2382 452 2412 de
477 2392 559 2413 sono
583 2396 606 2422 f
629 2386 662 2414 in
688 2385 828 2415 schedis
853 2386 1090 2423 consignabat.
1262 2385 1277 2414 b
1303 2387 1398 2415 Anno
1425 2386 1520 2415 1729.
1691 2394 1707 2414 c
1733 2384 1785 2413 Ad
1809 2386 1842 2413 Α
1868 2385 1907 2413 51
1932 2381 2054 2412 Clarke
2096 2430 2098 2432 Ι

227 2433 313 2463 haec
349 2435 541 2465 annotavit:
583 2439 749 2476 „spiritus
786 2447 886 2477 asper
920 2448 1022 2477 saepe
1059 2441 1222 2476 tanquam
1260 2446 1453 2467 consonans
1484 2437 1784 2476 pronuntiabatur,
1813 2437 1868 2466 vel
1891 2439 2054 2473 tanquam

231 2487 428 2522 „Aeolicum
456 2488 641 2526 digamma.
665 2491 709 2520 Ut
733 2508 773 2512 —
798 2493 866 2531 φιλὲ
889 2493 976 2531 ἑκυρὲ
1000 2492 1103 2521 δειινόσ
1126 2503 1166 2521 τε.
1191 2491 1388 2529 Legebatur
1408 2491 1480 2520 fere
1501 2494 1666 2527 tanquam
1688 2489 1717 2519 si
1738 2491 1908 2527 scriptum
1931 2488 2052 2517 fuisset

227 2540 366 2578 ,φιὶὲφφ
390 2542 495 2581 ἑκυρὲὸ
521 2542 622 2571 duffio
646 2541 710 2572 τε.”
910 2543 933 2573 d
954 2544 993 2573 In
1019 2547 1099 2574 nota
1126 2546 1168 2573 ad
1196 2547 1231 2573 Π
1254 2545 1328 2579 172,
1354 2543 1446 2580 quod
1471 2543 1632 2573 volumen
1655 2545 1734 2581 post
1758 2543 1883 2572 Clarkii
1907 2543 2052 2571 mortem

228 2593 357 2624 Prodiit
391 2602 479 2623 anno
518 2596 622 2627 1732:
659 2595 810 2634 „r'y'vaood
845 2597 1043 2627 observavit
1078 2598 1129 2626 vir
1169 2606 1324 2627 summae
1367 2595 1585 2631 eruditionis,
1626 2596 1822 2627 Richardus
1861 2592 2054 2629 Bentleius,

232 2646 422 2679 „vocabula
453 2646 531 2681 fimi
564 2650 595 2677 et
629 2649 786 2683 ἀνάσσειν,
819 2658 1028 2687 quamquam
1056 2648 1247 2690 frequenter
1276 2649 1370 2688 apud
1401 2650 1587 2679 Homerum
1613 2651 1809 2684 occurrunt,
1833 2651 1948 2678 tamen
1971 2645 2058 2675 haud

227 2697 318 2733 „fere
341 2698 420 2728 ullis
444 2700 478 2728 in
503 2699 591 2729 locis
615 2699 663 2729 ita
689 2702 802 2739 posita
827 2703 984 2740 reperiri,
1010 2703 1092 2739 quin
1119 2702 1302 2732 antecedat
1327 2704 1387 2731 aut
1408 2702 1548 2737 vocalis,
1569 2705 1627 2731 aut
1647 2702 1740 2731 istud
1760 2701 1783 2729 ν’
1808 2700 2053 2739 paragogieum

228 2751 282 2785 „in
315 2752 491 2781 nominum
524 2753 778 2791 verborumque
805 2754 871 2783 fine
903 2763 1212 2794 supervacaneum,
1242 2755 1335 2792 quod
1366 2754 1494 2792 ubique
1529 2755 1603 2784 sine
1635 2754 1817 2791 dispendio
1848 2749 2053 2790 dempseris.

232 2803 348 2837 „Unde
375 2805 498 2834 merito
528 2805 675 2843 colligit,
708 2807 876 2836 vocabula
909 2806 987 2843 ista,
1018 2809 1051 2836 in
1084 2817 1242 2838 sermone
1275 2807 1426 2843 Aeoliam
1450 2808 1602 2846 praefixo
1630 2808 1814 2845 digamma,
1839 2804 2058 2844 pronuntiata

231 2856 361 2890 „fuisse
385 2857 491 2891 ισάναξ
516 2860 550 2887 et
573 2862 759 2888 ωανάσσειν.
791 2860 889 2895 Quod
921 2861 948 2889 si
972 2869 1090 2890 verum
1116 2864 1178 2896 est,
1202 2869 1420 2898 consequens
1445 2859 1522 2896 erit,
1547 2864 1583 2890 ut
1607 2869 1671 2889 vox
1695 2860 1808 2897 ἤνασσε
1833 2856 2055 2896 pronuntiata

230 2908 356 2943 ‚fuerit
391 2911 559 2940 ἓωάνασσε·
592 2911 740 2950 ideoque
773 2913 879 2950 [quod
912 2917 1032 2943 notatu
1064 2914 1306 2951 dignissimum
1339 2915 1408 2952 est)
1442 2912 1650 2943 versiculum
1684 2921 1702 2941 a
1733 2921 1816 2941 voce
1848 2911 1978 2948 ἥιασσεν
2002 2908 2054 2937 vel

234 2961 394 2997 ,μ’,τίνσισσοι7
417 2961 619 2994 inchoatum
646 2966 738 3004 apud
763 2967 950 2996 Homerum
978 2975 1146 3003 nusquam
1172 2964 1362 3005 reperias'’.
1589 2975 1605 2995 e
1628 2963 1748 3002 Heyne
1772 2963 1870 2992 Iliad.
1894 2961 1958 2991 511
1982 2961 2056 2990 721.

353 3013 383 3053 f
403 3016 596 3054 „Tow'ring
620 3015 691 3048 o'er
716 3027 801 3056 your
826 3019 1010 3057 Alphabet,
1031 3020 1097 3049 like
1119 3020 1212 3055 Saul,
1235 3019 1239 3058 Ι
1262 3019 1389 3048 Stands
1409 3026 1471 3048 our
1492 3019 1684 3055 Digamma‚
1705 3017 1771 3046 and
1790 3016 1940 3053 o‘ertops
1961 3014 2055 3044 them

234 3065 322 3100 „all”
349 3067 441 3104 Pope
464 3068 633 3099 Dunciad.
659 3070 704 3100 IV
730 3070 792 3101 217
820 3080 871 3109 sq.
1058 3082 1079 3111 q
1104 3074 1201 3101 Auno
1228 3073 1323 3102 1745.
1530 3069 1549 3099 Ιι
1573 3071 1633 3099 Ex.
1657 3079 1706 3107 gr.
1733 3074 1823 3106 στῆτε
1847 3067 2055 3106 ,εελιχθέντεσ

233 3120 260 3146 A
287 3118 363 3155 588,
387 3122 420 3149 et
445 3129 533 3158 quae
558 3126 741 3160 praeterea
766 3123 943 3162 disputata
967 3126 1047 3154 sunt
1070 3124 1111 3153 de
1137 3126 1245 3162 stirpe
1268 3128 1365 3162 felix.
