2234 3443
202 167 256 205 58
732 174 786 201 DE
818 174 1061 202 VOCAL¹BUS
1093 175 1144 202 ET
1177 174 1489 205 D1PHTH0NG1s.
1847 167 1886 212 [ἓ
1920 168 1958 214 5,
1994 168 2019 206 6

318 289 545 327 sexcentis
576 289 708 336 igitur
739 289 845 327 locis
878 289 1120 327 carminum
1155 289 1377 337 epicorum
1405 289 1567 337 legitur
1592 299 1629 339 ἃ,
1658 289 1864 329 ubiIadis
1881 301 2022 330 recen-

197 356 320 394 tioris
352 356 433 394 fuit
465 356 604 394 vocali
638 371 662 393 κ
694 357 770 394 uti.
805 355 966 394 Caecae
996 357 1145 394 autem
1177 355 1306 394 fortis
1333 356 1415 394 hac
1446 357 1490 394 in
1522 367 1567 395 re
1600 356 1714 395 haud
1748 356 1908 403 exigua
1939 356 2023 394 fuit

200 423 278 470 vis,
315 425 356 461 et
386 423 553 470 passim
584 423 740 461 incerti
771 423 1010 461 haeserunt
1037 424 1225 462 veteres.
1254 423 1324 462 Sic
1350 423 1462 471 apud
1481 423 1750 463 Zenodotum
1767 421 2025 470 legebantur

201 490 466 538 Aparidvuff),
512 489 770 539 Ἀμφιάρκοσ,
815 490 994 541 βουγιίῖε,
1041 488 1149 539 iuga,
1195 488 1355 539 κρκτόσ,
1401 487 1565 540 optima,
1604 489 1872 539 πεντηκόσιοι,
1911 489 2024 538 apud

198 557 506 595 Aristarchum
539 567 643 596 vero
678 556 875 606 Ἀριάδνη,
905 556 1164 606 Ἀμφιάρᾶοσ,
1195 551 1372 607 βουγὰῑε,
1404 556 1512 606 ἕᾶξα,
1539 557 1698 606 κρᾶτόσ,
1729 555 1859 607 ὁρᾶτο,
1883 569 2024 594 πεντα-

196 621 364 662 κόσιοιό.
409 624 552 662 Etiam
594 624 774 663 nomina
822 619 976 675 Βιάνωρ
1020 625 1062 662 et
1091 620 1215 662 Ῥείᾶσ
1258 623 1311 662 ab
1355 624 1612 663 Aristarcho
1654 625 1718 663 sic
1755 624 1918 672 scripta
1948 623 2024 662 sed

197 691 301 729 olim
335 691 385 729 ab
421 691 518 729 aliis
551 691 691 729 vocali
725 706 749 728 u
781 693 937 729 ornata
967 692 1110 729 sunto.

319 758 383 796 Ad
431 760 628 796 vetustos
673 760 822 797 autem
866 768 1034 797 errores
1076 758 1400 806 redarguendos
1431 758 1556 796 utilia
1586 760 1689 796 sunt
1721 757 2023 806 exemplorum

198 825 327 864 modo
359 825 593 864 allatorum
627 825 852 864 nonnulla.
884 826 996 864 Nam
1030 825 1162 864 brevis
1187 835 1322 864 sonus
1353 840 1377 862 α
1405 835 1563 864 vocum
1594 822 1786 875 Ἀριάδνη
1807 827 1850 864 et
1876 834 2024 863 nema-

198 892 326 930 κόσιοι
367 893 491 940 signo
540 908 564 929 κ
610 893 733 931 reddi
778 893 871 932 sine
919 893 1024 932 vitio
1071 903 1157 931 non
1197 893 1361 941 potum
1406 894 1449 931 et
1481 892 1617 931 simili
1649 893 1783 931 errori
1815 892 2026 931 debentur

200 956 405 1009 βαθέκυίῐ,
439 957 557 997 ἀέλλη
569 967 597 1009 e,
627 958 799 998 ἑήνδανε
826 971 902 1009 pro
925 958 1098 1010 βαθέαν,
1121 959 1252 1008 ἄελλα,
1278 958 1448 998 ἑάνδανε
1466 960 1510 998 in
1527 961 1654 999 textu
1671 960 1832 999 tradito
1850 959 2024 1008 scripta,

201 1037 341 1074 neque
372 1027 566 1066 melioris
597 1029 727 1066 notae
758 1030 862 1067 sunt
893 1027 1205 1079 τετραφάληροσ,
1234 1026 1499 1078 ὑψιπέτηλοσ,
1529 1026 1762 1077 τριπέτηλοσ
1775 1025 1804 1076 f,
1833 1037 1944 1074 quae
1971 1036 2024 1064 ex

187 1096 416 1143 ’-φαλαριοσ
457 1095 550 1134 Sive
591 1097 814 1145 -qmlapjoo
856 1097 899 1134 et
938 1098 1143 1133 -πεταλιοσ
1179 1096 1273 1134 Sive
1303 1098 1511 1146 -πεταλΙοσ
1542 1097 1645 1134 sunt
1676 1096 1794 1141 nata,
1828 1093 2028 1142 -φάλᾶροσ

199 1163 333 1210 igitur
379 1165 422 1200 et
472 1161 659 1200 -πέτᾶλοσ
689 1163 918 1204 scribenda
951 1163 1003 1202 ad
1036 1163 1289 1211 exemplum
1324 1163 1529 1202 adiectivi
1560 1161 1678 1201 ἒᾶνόσ
1711 1162 1886 1209 ductilis,
1913 1161 2025 1208 quod

201 1230 408 1278 primitus
453 1230 536 1268 fuit
581 1230 751 1282 fecundo
797 1231 891 1269 sive
935 1230 1123 1282 fserde,
1170 1233 1212 1269 et
1254 1231 1569 1269 adiectivorurn
1612 1232 1655 1269 in
1696 1228 1891 1278 -κέφᾶλοσ
1932 1228 2026 1266 sive

200 1294 392 1346 m'oealsoo
434 1297 773 1346 desinentium9‚
812 1308 891 1336 nec
922 1308 1007 1336 non
1040 1297 1273 1336 verborum
1307 1292 1445 1347 ἱκάνω,
1476 1293 1636 1347 κιχάνω,
1666 1291 1829 1346 φθάνω,
1859 1292 1941 1334 ἅνω
1974 1306 2028 1334 ex

198 1378 329 1401 -avvoe
373 1364 466 1402 sive
506 1379 634 1416 -avfoe
677 1367 881 1404 natorum
896 1362 929 1404 ἢ.
972 1365 1117 1404 Etiam
1155 1365 1286 1404 breve
1319 1365 1449 1414 alpha
1481 1375 1638 1404 vocum
1671 1364 1949 1412 sequentium
1984 1363 2026 1401 in

200 1432 287 1470 arsi
335 1429 625 1470 collocatum&
671 1433 795 1480 signo
843 1448 868 1470 κ
915 1432 1163 1472 indicarunt
1216 1432 1383 1472 librarii
1433 1433 1573 1471 invito
1618 1434 1767 1480 poeta:
1818 1428 2030 1480 ἠμαθόεισ,

202 1496 401 1548 ἠνεμόεισ,
431 1495 623 1550 νἰγάθεοσ,
651 1497 906 1549 ἠλιτόμηνοσ,
931 1497 1208 1551 ἠγερέθονῑαι,
1231 1502 1417 1549 -θεσθαι,
1438 1496 1700 1549 ἠερέθονται]
1721 1509 1796 1548 pro
1816 1496 2030 1546 ἀμαθόεισ,

199 1565 397 1616 ἀιέμόεισ,
428 1564 621 1617 ἀγάθεοσ,
652 1565 910 1617 ἆλιτόμηνοσ,
939 1565 1217 1618 ἀγερέθονται,
1247 1565 1528 1618 ἇγερέθεσθαι,
1559 1565 1805 1614 ἀερέθονται.
1838 1565 2028 1614 Quarum

201 1640 358 1672 vocum
405 1634 541 1672 nihilo
587 1634 756 1682 longior
802 1635 884 1673 fuit
926 1644 1060 1673 sonus
1099 1634 1283 1673 initialis
1306 1644 1451 1681 „quam
1485 1634 1688 1673 adiectivi
1719 1632 1928 1671 ἀθάνατοσ
1958 1632 2026 1670 vel

203 1702 323 1740 verbi
355 1699 615 1740 ἀπονέεσθαι.
649 1702 854 1740 Fortasse
887 1702 1023 1740 etiam
1055 1701 1206 1740 πακτόν
1238 1712 1313 1751 pro
1346 1701 1500 1740 πηκτόν
1533 1703 1601 1741 est
1633 1701 1919 1740 scribendum
1934 1696 1965 1738 k.

320 1832 344 1883 ἐξ·
379 1833 423 1876 6.
457 1835 637 1874 Temere
670 1837 803 1884 igitur
834 1839 878 1875 et
908 1837 1088 1876 fortuito
1120 1837 1164 1875 in
1197 1838 1322 1875 textu
1357 1837 1518 1875 tradito
1551 1835 1772 1874 alternant
1802 1833 1977 1872 vocales
2004 1843 2028 1870 ᾶ

200 1904 243 1940 et
286 1918 322 1941 κ.
356 1903 554 1941 Rationis
586 1904 666 1942 hoc
698 1904 841 1943 solum
873 1905 1119 1953 intercedit,
1153 1905 1265 1952 quod
1297 1914 1454 1943 sonum
1489 1914 1513 1941 ᾶ
1543 1902 1803 1951 saepissime
1833 1900 2031 1947 sequitur

200 1971 276 2007 aut
307 1970 443 2008 anteit
477 1971 638 2010 vocalis.

320 2036 456 2085 Quam
489 2038 834 2077 inconstantiam
867 2039 1006 2087 pulcri
1050 2040 1201 2078 sensui
1229 2039 1467 2077 tenerrimo
1495 2038 1600 2077 olim
1626 2038 1745 2076 fuere
1772 2037 1845 2084 qui
1870 2035 2026 2074 tribue-

202 2107 321 2152 rent3
365 2107 555 2155 poetam,
595 2116 694 2144 cum
727 2106 916 2145 dixisset
955 2106 1145 2154 quodam
1177 2107 1221 2144 in
1253 2106 1368 2144 loco:
1402 2106 1590 2143 κολοιούσ
1621 2118 1659 2142 τε
1689 2103 1829 2154 ψῆράσ
1861 2116 1913 2152 τε,
1943 2102 2029 2140 alio

202 2172 246 2209 in
274 2172 366 2211 loco
395 2172 583 2212 dixisse:
608 2178 685 2210 τῶν
710 2169 746 2210 ‹5'
774 2173 828 2212 ὥσ
851 2187 889 2211 τε
910 2179 1055 2223 ψαρῶν
1079 2171 1206 2222 νέφοσ
1230 2172 1379 2223 ἔρχεται
1395 2169 1440 2222 ἠὲ
1456 2174 1625 2210 κολοιῶν
1641 2169 1664 2220 l,
1689 2173 1915 2220 „secutum
1941 2179 2027 2208 non

202 2249 486 2278 communem
518 2248 726 2281 <usum>
760 2242 836 2280 sed
862 2242 1083 2291 propriam
1106 2241 1150 2280 in
1175 2251 1345 2289 quoque
1364 2240 1485 2279 vocis
1507 2240 1596 2278 situ
1622 2238 2025 2278 iucunditatem”m.

202 2306 285 2345 Sed
321 2307 650 2355 „diversitatem
676 2319 698 2346 e
731 2309 917 2348 diversis
944 2319 994 2348 ac
1019 2308 1211 2348 fortuitis
1238 2309 1513 2347 diversorum
1539 2307 1857 2355 rhapsodorum
1886 2304 2028 2344 modis

290 2444 309 2462 α
333 2432 412 2463 Sivo
436 2435 527 2475 ὁρῆτο
544 2434 694 2469 volebat,
717 2433 790 2462 sive
815 2434 919 2473 ὅρητο,
945 2433 962 2471 ἕ
990 2433 1064 2463 191.
1201 2431 1217 2461 Ι)
1244 2435 1267 2461 Σ
1292 2432 1355 2461 592
1381 2444 1396 2461 ο
1425 2432 1488 2460 244
1516 2434 1547 2460 N
1570 2431 1645 2465 824,
1671 2429 1822 2466 166,257
1839 2428 1960 2461 A530.
1975 2428 2027 2462 56,

206 2486 267 2515 198
291 2498 308 2523 γ
334 2487 363 2516 7.
576 2496 592 2516 c
617 2486 666 2516 La
690 2486 805 2516 Roche
833 2484 1028 2515 Textkritik
1053 2486 1117 2515 301
1144 2493 1194 2523 sq.
1387 2483 1410 2513 d
1434 2487 1469 2513 Π
1491 2484 1566 2519 766,
1591 2482 1610 2521 ᾖ
1636 2482 1688 2511 75.
1856 2489 1872 2510 e
1896 2483 1932 2510 Π
1951 2480 2026 2510 374.

334 2538 356 2575 f
376 2539 494 2569 Simile
528 2539 621 2577 apud
655 2538 829 2569 Herodam
854 2540 906 2568 est
929 2536 1053 2567 vitium
1078 2539 1175 2575 τάλησ
1199 2546 1261 2575 pro
1284 2539 1383 2566 τάλᾶσ
1407 2536 1596 2566 Mimiamb.
1620 2535 1672 2565 ΙΙΙ
1698 2535 1738 2564 35
1763 2532 1828 2564 VII
1852 2534 1892 2563 88
1920 2534 2025 2569 (recte

203 2601 300 2628 τὰλᾶσ
326 2600 352 2629 V
377 2598 444 2639 55).
476 2599 636 2629 Fortasse
667 2600 771 2629 etiam
806 2600 955 2637 ἀληθείην
979 2601 1013 2628 et
1041 2597 1170 2628 similia
1196 2598 1213 2635 ξ
1238 2599 1279 2628 54
1304 2597 1372 2627 huc
1398 2597 1540 2626 faciunt.
1564 2597 1690 2627 Vocem
1714 2596 1799 2633 δήϊον
1822 2599 1882 2635 πῦρ
1908 2594 2026 2636 taem„

203 2660 221 2697 ξ
249 2657 303 2698 17)
327 2658 474 2689 Schulze
495 2658 633 2694 Quaest.
653 2658 715 2696 Ep.
739 2659 779 2687 86
804 2657 908 2686 scribi
932 2656 1029 2688 iubet
1051 2652 1148 2691 δᾶϊον,
1175 2658 1210 2687 et
1232 2648 1293 2695 pro
1317 2658 1534 2696 ὀβριμοπάτρη
1556 2653 1742 2693 Hoogvliet
1765 2652 2026 2684 Gramm.raad-

203 2712 308 2746 selon.
332 2712 429 2747 1892,
449 2712 492 2741 40
512 2710 636 2741 scribit
653 2712 872 2750 ὀβριμόπατρα
894 2712 918 2739 E
938 2710 1001 2740 747
1025 2712 1050 2740 Θ
1072 2711 1134 2740 391
1158 2721 1177 2739 α
1200 2710 1280 2745 101;
1301 2709 1363 2739 sed
1376 2707 1457 2738 huic
1474 2708 1689 2738 coniecturae
1702 2716 1769 2737 non
1783 2707 1876 2736 favet
1889 2713 2024 2735 mascu—

203 2762 311 2794 linum
336 2764 477 2804 ὅπατροσ
501 2766 528 2793 A
555 2765 617 2793 257
643 2765 683 2792 Μ
708 2763 783 2792 371.
952 2772 974 2801 9
998 2763 1099 2800 Apud
1123 2762 1314 2792 Hesiodum
1339 2763 1374 2791 et
1396 2763 1567 2800 posteros,
1591 2760 1706 2791 Rzach
1729 2759 1773 2789 ad
1797 2759 1924 2794 Theog.
1950 2757 2025 2787 287.

207 2817 261 2846 Sic
286 2819 482 2855 αὑτοχόᾶνον
502 2816 614 2854 (codd.
637 2818 782 2854 -χόωνον,
807 2814 825 2852 ἓ
854 2811 931 2852 191)
960 2817 993 2843 Ψ
1012 2816 1075 2844 826
1100 2815 1264 2853 primitus
1287 2812 1356 2844 fuit
1377 2815 1525 2853 -χοάιίον
1537 2812 1610 2843 sive
1623 2816 1766 2852 xdavgyov.
1899 2809 1919 2839 Ιι
1942 2810 2026 2845 ᾓ38.

337 2870 348 2899 i
371 2871 389 2908 ἓ
415 2870 467 2900 21.
594 2869 615 2909 j
639 2867 721 2898 Plus
740 2868 968 2906 quadraginta
981 2868 1066 2897 loeis
1081 2867 1224 2898 vitiosae
1238 2868 1303 2898 hae
1317 2867 1448 2897 formae
1463 2867 1639 2905 leguntur,
1656 2863 1782 2902 quibus
1796 2873 1814 2894 0
1828 2863 2026 2893 coniectura

205 2923 374 2952 accedunt.
410 2924 610 2963 r'vaolfsqyoo
646 2922 677 2951 Ω
714 2922 776 2951 277
813 2929 875 2959 pro
911 2921 1117 2961 ἂνυσζξεργοσ
1150 2921 1265 2959 (codd.
1288 2917 1516 2960 ἐντεσζῐεργοσ)
1541 2921 1575 2949 et
1603 2921 1763 2958 ἒῦηγρεσίη
1787 2927 1802 2946 τ
1824 2917 1886 2946 114
1911 2914 2026 2952 (codd.

205 2978 325 3013 -ηγεοίη
349 2976 401 3005 vel
426 2975 588 3015 -οργεσίη).
731 2973 751 3003 lc
776 2976 804 3003 Κ
828 2974 891 3003 353
919 2976 950 3002 Ν
973 2973 1036 3003 703
1062 2985 1078 3002 ν
1104 2975 1156 3003 32.
1305 2972 1318 3002 l
1340 2973 1453 3003 Schol.
1481 2970 1506 3000 V
1534 2971 1578 3001 ad
1602 2974 1638 3001 Π
1658 2971 1740 3000 583:
1765 2965 1892 3009 ψῆρασ]
1915 2967 1967 2997 διὰ
1991 2966 2024 2996 τὸ

206 3030 388 3067 κακόφωιον
416 3030 490 3058 zoilo
520 3033 640 3067 ψᾶρασ’
671 3029 732 3056 luel
760 3026 792 3055 δι’
824 3027 889 3061 „55⁰
920 3037 951 3055 τι
983 3028 1116 3066 ψαρῶν“
1152 3024 1360 3066 (sequuntur
1389 3033 1457 3055 non
1489 3024 1584 3054 nulla
1615 3023 1658 3052 de
1682 3021 1820 3052 aoristis
1841 3015 1968 3060 ξηρᾶνηι
1993 3021 2026 3048 et

205 3085 356 3121 θερμήνῃ
386 3083 419 3109 Φ
451 3081 514 3111 347
547 3082 583 3112 Ξ
603 3080 634 3116 7,
664 3087 741 3118 pag.
766 3080 806 3109 56
820 3077 851 3114 d,
883 3076 991 3108 simili
1021 3077 1222 3109 discrimine
1254 3076 1435 3113 seiunctis)
1462 3078 1497 3106 et.
1519 3075 1563 3106 ad
1588 3078 1615 3105 P
1638 3075 1720 3104 755:
1745 3071 1872 3113 ψαρῶν]
1896 3072 1946 3101 διὰ
1972 3071 2025 3108 τὴν

203 3136 365 3173 εὐφωνίαν·
393 3136 452 3163 ἐκεῖ
474 3134 505 3162 δέ
532 3135 696 3168 „mammio
721 3143 752 3162 τε
778 3134 886 3172 ψῆράσ
910 3132 977 3161 'tuf‘
1136 3141 1165 3161 m
1191 3133 1228 3162 Δ.
1253 3131 1389 3161 Gellius
1411 3129 1495 3160 XIII
1519 3130 1558 3159 21
1586 3128 1604 3166 ξ
1628 3128 1681 3158 25.
