2234 3443
220 203 273 240 62
744 212 797 239 DE
830 211 1069 240 vooAL1i3us
1101 212 1152 239 ΕΤ
1184 212 1494 241 mPHrHoNGrs.
1941 207 1979 251 [5
2013 206 2037 244 6

213 324 492 362 indicandum
542 327 753 372 usurpata
799 326 868 362 est
913 324 954 361 in
1004 322 1133 362 titulo
1171 324 1337 362 saeculi
1370 320 1439 363 VIi
1470 325 1678 375 ineuntis,
1718 327 1791 373 qui
1823 327 1937 375 Sigei
1972 330 2039 366 est

217 392 460 439 repertusa,
501 392 543 429 in
578 392 699 430 vasis
730 391 911 430 Milesiis
941 391 1150 429 Naucrati
1183 391 1319 429 erutis
1333 388 1363 439 b,
1396 391 1438 430 in
1471 392 1828 441 inscriptionibus
1859 394 2040 433 Milesiis

216 458 377 496 saeculi
404 452 487 507 VD,
522 468 588 497 ex.
626 469 710 506 gr.:
744 458 902 507 X029H6
934 455 1047 508 ε’(ι)μί
1074 458 1118 495 in
1150 458 1342 505 imagine
1375 459 1584 507 principis
1615 460 1908 509 Tichiussaess,
1943 461 2034 499 vel:

209 519 409 570 'Ietcaffos
451 523 658 571 ἀνέθ]Η-κ,ε
693 522 951 571 τώτεόλλωμι]
987 525 1031 563 in
1063 524 1204 572 lapide
1231 534 1361 571 quem
1394 525 1612 564 dedicavit
1643 527 1870 566 Histiaeus
1902 528 2038 567 Mileti

213 593 428 639 tyrannus
458 592 654 631 famosus
669 590 701 632 d.
736 592 818 630 Sed
852 592 1049 631 vocalem
1083 592 1209 639 signo
1244 586 1277 628 Ε
1312 592 1381 636 (Η)
1414 592 1597 631 indicari
1624 603 1678 632 ne
1703 594 1746 632 in
1775 594 1842 633 his
1859 595 2033 642 quidem

212 660 461 706 regionibus
502 659 573 697 diu
613 662 715 698 ante
757 659 980 698 saeculum
1033 658 1145 696 Vlum
1187 660 1388 707 coeptam
1432 669 1529 698 esse
1570 662 1793 699 testantur
1826 662 2036 701 vocabula

214 736 323 773 quae
363 726 526 764 milites
566 727 699 765 Ionici
742 729 784 764 et
825 726 980 765 Rhodii
1012 727 1093 764 sub
1124 725 1255 764 finem
1290 726 1453 764 saeculi
1501 721 1594 764 VIIi
1626 728 1721 766 rudi
1753 731 1846 767 arte
1877 729 2032 768 inscul-

212 795 393 840 pserunt
430 793 626 832 cruribus
666 795 915 832 statuarum
959 793 1213 831 etiamnunc
1251 793 1498 831 extantium
1513 800 1541 832 e.
1576 794 1631 832 Hi
1674 795 1791 834 enim
1833 797 2033 835 homines

212 860 336 907 signo
369 855 402 896 H
436 870 535 898 cum
562 870 720 899 sonum
746 860 773 898 h
794 862 888 898 tum
908 859 1105 898 vocalem
1123 860 1370 898 indicantes
1388 860 1677 909 scripserunt:
1701 856 2030 913 Hwovfflfflov),

211 922 314 963 ανιΕ
348 926 469 976 (ἀνίη,
505 927 625 966 verbi
656 925 810 964 ἀνὶέναι
841 927 992 975 impf.),
1028 921 1105 976 Εχε
1137 920 1248 976 (ἦγε),
1282 921 1466 975 τΕλεφοσ
1496 928 1728 977 (Τήλεφοσ),
1760 930 1835 968 sed
1873 931 2030 968 etiam:

213 989 271 1031 Εο
315 991 377 1042 (ὃ),
423 989 652 1045 Εαγεσερμο
685 992 968 1044 (Ἅγεσέρμου),
1002 988 1114 1031 Hom
1147 992 1264 1042 (ὅκα),
1293 988 1444 1032 Βελασε
1475 993 1646 1043 (ἤλασεῖ)
1679 1006 1733 1034 an
1759 997 1919 1036 vitiose
1950 998 2030 1036 hoc

211 1062 423 1109 scriptum
457 1072 531 1110 pro
564 1057 694 1099 Ελασε
725 1062 820 1100 sive
851 1059 1034 1111 ἤλασεὶὶ).

329 1129 377 1167 In
409 1128 575 1167 Doricis
604 1128 766 1167 insulis·
792 1128 933 1167 Thera
965 1131 1007 1166 et
1040 1128 1165 1167 Creta
1196 1128 1360 1166 vocalis
1387 1133 1406 1167 e
1434 1129 1559 1176 signo
1587 1123 1620 1165 Ε
1650 1130 1831 1168 indicari
1858 1133 2030 1170 mature

209 1196 276 1233 est
307 1197 471 1243 coepta.
504 1196 550 1234 In
583 1195 748 1234 Therae
774 1196 892 1233 enim
919 1195 1063 1233 titulis
1096 1195 1431 1244 antiquissimis,
1461 1196 1534 1243 qui
1561 1196 1614 1234 ad
1643 1196 1778 1234 Vllum
1803 1198 2028 1237 saeculum

208 1261 467 1311 referuntur]
516 1264 744 1301 nominum
791 1263 1010 1300 terminus
1055 1264 1173 1311 -κλῆσ
1213 1261 1375 1300 litteris
1411 1257 1541 1299 -κλΕσ
1572 1263 1688 1303 haud
1720 1274 1804 1303 uno
1835 1265 1929 1304 loco
1963 1268 2030 1304 est

206 1327 441 1378 redditusf,
492 1334 534 1368 et
579 1331 622 1368 in
670 1330 822 1369 Cretae
868 1329 1226 1378 inscriptionibus
1274 1331 1437 1368 saeculi
1483 1325 1588 1380 VIP,
1638 1340 1747 1378 quae
1783 1330 2027 1370 litterarum

206 1395 356 1444 figuris
401 1399 666 1445 pervetustis
713 1400 815 1436 sunt
861 1399 1067 1436 exaratae
1114 1399 1158 1436 et
1197 1398 1335 1445 signis
1373 1408 1582 1437 sonorum
1625 1399 1663 1447 h,
1707 1412 1750 1446 φ,
1782 1412 1801 1448 χ
1834 1400 2027 1447 carenty,

208 1473 342 1502 sonus
382 1467 401 1501 ἑ
442 1465 662 1504 indicatus
704 1474 770 1504 est
812 1466 962 1504 littera
997 1459 1045 1503 H.
1079 1465 1128 1503 In
1161 1475 1247 1503 uno
1285 1467 1435 1503 tamen
1469 1466 1568 1504 aevi
1600 1465 1857 1504 recentioris
1887 1465 2026 1504 edicto

209 1528 450 1579 Grortynioll
485 1533 619 1571 etiam
667 1535 822 1581 regnat
867 1542 964 1572 mos
1001 1532 1351 1580 vetustissimus,
1401 1532 1501 1579 quia
1544 1543 1598 1570 ex
1640 1533 1782 1581 prisco
1826 1532 2030 1580 exemplo

207 1601 276 1637 est
315 1600 605 1648 descriptum;
649 1601 693 1639 iu
726 1602 807 1639 hac
838 1601 973 1648 igitur
1004 1599 1288 1647 inscriptione
1320 1609 1419 1638 cum
1453 1603 1471 1637 ἑ
1503 1601 1599 1638 tum
1635 1597 1655 1636 ἕ
1685 1599 1926 1638 indicatum
1960 1602 2027 1638 est

206 1666 330 1714 signo
358 1668 406 1714 E,
440 1668 614 1715 signum
649 1662 682 1705 H
717 1670 866 1706 autem
899 1677 984 1706 non
1018 1670 1085 1705 est
1117 1668 1394 1715 usurpatum.

324 1734 371 1772 In
413 1735 571 1774 Ionicis
614 1735 771 1773 insulis
813 1735 934 1783 Paro,
978 1734 1115 1783 Naxo,
1161 1734 1259 1772 aliis
1296 1734 1447 1782 quinto
1480 1734 1659 1772 demum
1691 1733 1866 1772 saeculo
1899 1733 2027 1780 quod-

202 1800 307 1839 libet
359 1803 428 1840 eta
484 1803 607 1850 signo
664 1804 703 1839 H
752 1803 936 1840 indicari
989 1804 1058 1840 est
1095 1803 1314 1850 coeptum.
1359 1802 1429 1840 Sic
1471 1803 1731 1849 usurpatum
1774 1802 1840 1839 est
1895 1802 1942 1837 H
1983 1801 2026 1839 in

203 1868 420 1916 lapidibus
451 1869 591 1908 Pariis
625 1872 669 1909 et
701 1870 834 1908 aliam
869 1870 921 1908 ob
955 1879 1134 1908 causam
1168 1869 1448 1917 notabilibus,
1485 1870 1612 1917 signo
1646 1868 1763 1906 enim
1800 1867 1841 1905 ,Ω
1873 1878 2030 1906 sonum

204 1935 382 1975 brevem
427 1936 476 1987 (ὁ)
508 1937 576 1975 vel
609 1937 868 1985 productum
900 1940 992 1985 (ov),
1028 1937 1153 1984 signo
1189 1937 1221 1974 Ο
1254 1936 1435 1985 longum
1470 1940 1519 1980 (ὁ)
1551 1936 1716 1974 habent
1747 1935 1988 1974 indicatum
2003 1932 2026 1974 ί.

321 2070 614 2110 Athenienses
641 2072 848 2119 quamdiu
876 2070 1050 2109 ἀττικοῑσ
1077 2071 1169 2109 suis
1196 2070 1426 2121 γράμμασιν
1455 2071 1523 2109 usi
1549 2072 1666 2121 sunt,
1695 2071 1929 2117 utrumque
1956 2071 2028 2108 eta

201 2136 454 2176 indicarunt
481 2138 605 2186 signo
635 2140 691 2186 Ε;
718 2139 881 2177 similis
908 2139 1043 2186 igitur
1075 2139 1189 2176 inter
1221 2148 1295 2177 eos
1328 2138 1518 2177 obtinuit
1547 2137 1746 2176 confusio
1772 2138 1902 2184 atque
1928 2136 2027 2174 inde

202 2203 255 2241 ab
286 2204 410 2243 initio
443 2206 606 2244 saeculi
633 2204 703 2243 Vli
737 2206 937 2254 regnavit
965 2206 1008 2244 in
1028 2205 1281 2244 litteratura
1299 2205 1461 2253 Ionica,
1481 2204 1522 2242 in
1544 2214 1628 2251 qua
1645 2204 1770 2252 signo
1787 2205 1830 2240 H
1847 2205 2027 2250 uterque

200 2280 334 2309 sonus
366 2274 470 2310 tunc
501 2273 796 2312 reddebaturj.
827 2273 1087 2312 Similemne
1115 2274 1265 2312 autem
1295 2273 1468 2312 exitum
1495 2272 1540 2310 in
1568 2272 1725 2326 ionum
1753 2281 1825 2310 ore
1851 2281 2023 2319 semper

202 2337 433 2377 habuerint
465 2340 678 2379 vocabula
705 2342 824 2395 φιλίη
852 2342 894 2379 et
924 2340 1033 2393 νίκη,
1064 2350 1117 2378 an
1153 2340 1265 2388 apud
1294 2350 1368 2379 eos
1392 2349 1562 2388 quoque
1579 2338 1847 2377 discriminis
1864 2338 2027 2386 aliquid

201 2405 462 2455 interfuerit,
496 2409 543 2446 ut
574 2408 773 2457 Athenis,
809 2408 881 2446 ubi
914 2408 1078 2456 scripto
1111 2407 1218 2446 talia
1249 2407 1645 2455 distinguebantur,
1682 2406 1778 2452 quis
1805 2416 1880 2454 pro
1909 2407 2026 2444 certo

201 2472 327 2510 hodie
369 2475 558 2513 statuat!
605 2475 647 2513 Si
690 2476 786 2522 quis
818 2476 1071 2524 suspicatur
1100 2485 1187 2514 non
1220 2475 1328 2513 nihil
1362 2475 1496 2513 etiam
1530 2474 1643 2522 apud
1675 2473 1805 2512 Iones
1837 2473 2025 2511 alterum

200 2553 226 2588 η
267 2539 319 2578 ab
362 2541 498 2580 altero
537 2542 840 2591 discrepuisse,
883 2542 1083 2582 levitatis
1125 2552 1211 2581 non
1251 2542 1394 2590 magis
1432 2543 1607 2580 tenetur
1646 2550 1776 2588 quam
1811 2540 1883 2587 qui
1914 2538 2021 2578 arbi-

199 2607 371 2646 trantur
411 2609 454 2646 in
497 2611 643 2648 Attica
685 2610 881 2649 vocalem
925 2625 946 2659 η
978 2610 1163 2658 genitivi
1192 2609 1323 2663 φίλησ
1365 2613 1435 2653 (ex
1469 2612 1506 2653 ᾶ)
1550 2618 1635 2647 non
1677 2608 1778 2646 inde
1811 2607 1863 2646 ab
1896 2607 2021 2645 initio

287 2746 307 2765 a
334 2734 537 2768 Proconnee.
564 2739 660 2768 5531.
805 2739 821 2768 b
843 2737 1004 2769 Naucrat.
1030 2740 1116 2770 5756
1142 2748 1218 2777 sqq.
1353 2748 1370 2769 c
1393 2738 1501 2768 Milet.
1528 2739 1625 2768 5509.
1764 2736 1788 2766 d
1808 2735 1896 2768 Ibid.
1923 2736 2021 2766 5507.

332 2799 349 2819 e
373 2789 457 2819 5261
484 2790 585 2827 (IGA.
610 2792 697 2829 482).
837 2791 860 2828 f
878 2793 980 2821 Ther.
1006 2792 1104 2827 4787,
1128 2792 1226 2822 4791.
1251 2789 1386 2821 Aetatis
1411 2792 1548 2829 prioris,
1569 2799 1638 2828 qua
1657 2791 1794 2828 signum
1817 2785 1844 2821 H
1867 2788 2019 2818 nondum

199 2841 447 2882 usurpabatur,
477 2848 529 2872 eet
560 2843 686 2882 9254»on
716 2843 904 2883 (Ῥηξάνωρ)
935 2844 1034 2880 4808,
1062 2845 1247 2874 transitum
1280 2846 1395 2874 autem
1427 2842 1558 2873 indicat
1588 2839 1670 2879 Εεμι
1694 2851 1762 2872 sum
1787 2842 1873 2871 4816
1896 2839 2018 2870 vitiose

197 2895 367 2932 scriptum
390 2904 453 2933 pro
478 2896 540 2932 ἠμί.
670 2906 690 2934 y
715 2897 775 2926 Ex.
799 2905 847 2934 gr.
871 2897 960 2926 Cret.
983 2897 1080 2926 4972.
1216 2896 1236 2926 Ιι
1260 2897 1349 2927 Cret.
1370 2897 1474 2931 49913
1495 2896 1626 2934 scripto
1647 2893 1798 2933 primum
1818 2893 2018 2923 mandatum

198 2956 275 2978 esse
299 2946 436 2978 videtur
461 2948 557 2977 V1110
575 2949 644 2978 sere
670 2950 821 2986 saeculo,
847 2951 1085 2988 compluribus
1111 2952 1227 2980 autem
1251 2949 1402 2980 saeculis
1427 2952 1506 2988 post
1529 2954 1581 2979 est
1601 2950 1779 2978 exaratum
1800 2949 1834 2976 in
1847 2946 2018 2977 tholisive

198 2998 376 3030 dicasterii
401 3001 535 3038 pariete
558 3000 629 3037 illo,
653 3003 750 3031 cuius
774 3002 898 3032 rudera
921 3004 1067 3032 aetatem
1094 3003 1260 3032 tulerunt.
1405 3001 1418 3031 i
1442 3000 1520 3031 Par.
1542 3000 1776 3031 5427—5432.
1913 2998 1935 3038 j
1958 2999 2019 3029 Ex.

198 3061 265 3092 gr.:
302 3054 370 3083 Att.
404 3055 520 3083 νικΕσο
555 3057 589 3084 et
623 3058 753 3093 φιλΕσο,
787 3056 859 3085 Ion.
891 3059 1020 3085 nuHooe
1051 3059 1085 3085 et
1118 3059 1263 3095 ‹pzkHowA
1294 3056 1367 3085 Hoc
1399 3057 1514 3085 tamen
1545 3053 1701 3089 interest,
1727 3051 1819 3090 quod
1844 3049 2019 3090 primitiva

198 3107 327 3137 vocalis
357 3107 380 3137 ᾶ
411 3107 454 3136 ab
487 3107 628 3137 Ionibus
659 3110 856 3137 constanter
882 3106 1100 3138 indicabatur
1124 3109 1222 3145 signo
1248 3107 1290 3137 ab
1314 3107 1399 3146 ipsis
1422 3106 1502 3136 huic
1526 3103 1639 3135 vocali
1662 3104 1826 3142 adaptato
1853 3106 1885 3133 H
1908 3104 2023 3141 (φιλιΗ

198 3163 233 3190 et
257 3163 363 3196 unffi,
387 3159 428 3189 ab
453 3157 724 3189 Atheniensibus
750 3168 829 3189 vexo
852 3161 949 3190 siano
975 3162 1008 3190 Α
1033 3162 1110 3198 post
1137 3173 1160 3194 ε,
1185 3173 1203 3195 ι,
1228 3172 1255 3200 ρ,
1281 3159 1482 3197 ceteroquin
1507 3159 1606 3196 signo
1630 3160 1656 3187 E
1677 3157 1792 3196 (φιλιΑ
1819 3159 1853 3186 et
1874 3153 1973 3195 an).
