2234 3443
281 161 365 199 204
977 168 1031 196 DE
1062 167 1398 196 PRONOMINIBUS.
1963 155 2002 200 [ἓ
2035 154 2091 192 92

397 283 565 332 Tragici
602 284 753 331 poetae
794 282 1072 320 accusativos
1108 293 1183 328 σφε
1214 282 1257 318 et
1289 294 1367 328 νιν,
1397 279 1490 318 sive
1523 279 1634 328 epici
1665 292 1732 326 μιν
1762 276 1948 326 figuram
1979 277 2099 317 Dori·

279 358 420 398 cama,
464 350 635 388 numeri
673 349 921 397 singularis,
970 348 1123 395 dualis,
1170 347 1352 395 pluralis
1392 346 1640 395 promiscue
1671 345 1870 384 fecerunt
1900 342 2094 384 ambosb.

281 417 397 465 Quae
450 417 626 456 licentia
681 416 794 465 apud
846 417 1000 464 poetas
1045 414 1365 453 Alexandrinos
1412 413 1544 452 etiam
1591 412 1725 451 latius
1771 414 1840 451 est
1885 414 2096 460 grassata.

281 483 506 532 Nusquam
545 483 703 522 clarius
735 484 914 531 apparet
946 491 1076 529 quam
1109 481 1296 520 difficilis
1327 482 1556 528 perspectu
1589 479 1764 518 Graecis
1794 479 1927 517 fuerit
1957 480 2099 516 vetus-

278 551 404 590 tioris
435 552 607 598 linguae
639 552 872 589 structura.

395 614 466 670 (7)
500 618 781 657 Contractum
814 622 945 664 σφῶιν
972 616 1082 655 vobis
1106 615 1308 654 ambobus
1333 614 1494 663 legitur
1518 614 1562 652 in
1589 624 1675 652 uno
1700 623 1829 652 versu
1853 614 2052 660 corrupto
2068 619 2096 651 ⁶.

394 681 465 737 (8)
498 685 681 723 Dativus
713 684 843 731 σφωΐν
873 684 924 722 iis
955 683 1157 721 ambobus
1189 683 1377 730 quinque
1408 681 1517 720 locis
1548 683 1616 720 est
1647 682 1883 729 usurpatus
1895 676 1929 718 α’.

397 748 445 805 (9
477 752 523 794 et
555 749 626 804 10)
659 751 929 790 Nominativi
961 750 1127 789 formae
1158 745 1259 799 ἦμεσ
1290 751 1334 788 et
1367 744 1464 797 ὗμεσ
1495 749 1860 788 commendantur
1886 749 2027 786 metro
2055 747 2099 785 et

279 820 529 867 analogiae;
572 819 766 858 codicum
812 828 914 856 vero
956 818 1179 856 nonnullis
1219 817 1326 856 locis
1368 817 1533 865 scripta
1573 817 1676 855 sunt
1712 814 1841 864 ἅμμεσ
1872 814 1940 854 vel
1971 812 2099 864 ἅμμεσ

280 890 323 927 et
369 888 499 936 ὕμμεσ
546 887 614 926 vel
657 885 785 936 ὔμμεσ
797 885 836 934 f,
882 886 1039 924 ceteris
1080 885 1279 933 vulgaria
1310 881 1425 933 ἧμεῖσ
1457 886 1500 923 et
1530 882 1658 932 ὑμεῐσ,
1687 882 1763 921 sed
1793 885 1985 921 metrum
2016 891 2100 920 non

279 956 424 994 obstat
464 955 697 1002 quominus
739 953 1034 992 substituatur
1074 953 1216 991 forma
1257 951 1521 999 trochaicm,
1555 960 1657 989 nam
1689 949 1861 998 syllaba
1891 949 2104 998 posterior

277 1025 384 1063 locis
430 1025 605 1061 tantum
653 1031 739 1060 non
780 1021 950 1060 cunctis
985 1021 1186 1069 positione
1228 1022 1295 1059 est
1328 1015 1581 1068 productall.
1613 1018 1777 1066 Nempe
1809 1017 1972 1066 posteri
2003 1026 2102 1055 cum

279 1091 598 1140 exemplarium
646 1089 1052 1127 vetustissimorum
1099 1088 1271 1127 litteras
1317 1087 1472 1136 (Μαμεσ
1518 1086 1612 1124 sive
1652 1083 1834 1135 (Ιιὴιμεσί
1873 1086 1917 1122 et
1947 1083 2102 1131 (Μυμεσ

278 1169 432 1208 parum
473 1157 792 1204 intellegerent,
834 1157 998 1194 formas
1039 1156 1303 1195 recentiores
1343 1155 1612 1202 scripserunt
1642 1152 1844 1191 omnibus
1874 1151 1964 1191 fere
1994 1150 2102 1189 locis

278 1228 352 1266 ubi
383 1225 476 1265 fieri
506 1226 549 1264 id
580 1234 666 1263 non
698 1223 908 1262 vetabant
938 1224 1123 1262 numeri.
1154 1223 1389 1262 Simillimo
1416 1232 1559 1261 errore
1584 1221 1755 1270 epicum
1779 1215 1863 1258 υἷεσ
1880 1220 1924 1258 in
1941 1219 2100 1258 tradito

279 1298 405 1333 textu
437 1294 506 1332 hic
536 1292 625 1331 illic
657 1292 868 1339 scriptum
902 1293 970 1329 est
1000 1287 1139 1329 visraj.

399 1357 485 1413 (ll)
518 1360 689 1398 Tertiae
716 1368 926 1407 personae
953 1358 1256 1397 nominativus
1288 1357 1398 1405 plur.
1432 1356 1476 1394 in
1509 1355 1689 1394 Homeri
1721 1353 1988 1393 carminibus
2019 1363 2105 1392 non

281 1431 348 1467 est
388 1430 639 1476 usurpatus.
684 1427 808 1474 Apud
846 1426 1116 1464 Herodotum
1149 1428 1266 1472 σφεῖσ
1296 1426 1340 1463 et
1371 1423 1473 1472 σφέα
1504 1423 1723 1472 leguntur,
1754 1424 1870 1471 σφεῖσ
1902 1421 2105 1460 adiuncto

279 1495 498 1534 infinitivo
532 1495 664 1533 etiam
698 1493 810 1542 apud
844 1493 1140 1541 Thucydidem
1173 1494 1217 1531 et
1247 1492 1359 1540 apud
1390 1491 1725 1539 Xenophontem
1740 1487 1773 1528 k.

401 1557 619 1615 (la—14)
651 1561 701 1599 In
733 1562 860 1599 textu
890 1560 1052 1599 tradito
1083 1555 1192 1609 ἧμασ
1223 1562 1309 1607 μα),
1336 1570 1446 1607 σφασ
1473 1560 1536 1607 (o),
1561 1556 1688 1606 ἧμέασ
1715 1560 1825 1605 (me),
1850 1549 1978 1606 ὑμέασ
1995 1559 2106 1605 μω),

283 1641 410 1677 σφεασ
442 1632 513 1670 (oc)
545 1629 727 1677 triginta
757 1628 846 1666 fere
876 1627 984 1666 locis
1015 1626 1219 1675 leguntur
1233 1623 1257 1666 l.
1289 1625 1491 1664 Pluribus
1516 1625 1624 1664 locis
1651 1622 1791 1673 ἡμέασ,
1814 1616 1956 1673 ὑμέασ,
1979 1622 2105 1671 σφέασ

282 1706 457 1755 synizesi
498 1704 793 1744 contrahenda
824 1703 1034 1751 praebent
1065 1702 1234 1741 codices
1265 1702 1406 1740 invita
1441 1702 1630 1740 dictione
1657 1679 1840 1750 epicam
1873 1679 1955 1749 leg.
1987 1677 2107 1750 ἧμῖσ,

284 1768 404 1822 ὗμασ,
447 1783 566 1821 σφασ,
599 1771 681 1819 vel,
712 1770 784 1809 ubi
817 1771 868 1809 de
901 1770 1068 1809 duobus
1101 1772 1169 1808 est
1199 1778 1360 1817 sermo,
1391 1764 1466 1818 ἧμε
1479 1776 1512 1815 ⁷²,
1541 1763 1616 1817 ὗμε
1629 1776 1660 1816 ⁰,
1690 1776 1797 1816 σφεΡ
1828 1768 1922 1806 sive
1953 1766 2104 1816 fflpms'q.

282 1841 437 1889 Epicae
467 1840 634 1878 formae
667 1849 766 1877 cum
800 1838 1012 1876 abiissent
1041 1838 1084 1876 in
1117 1839 1317 1876 recentes
1343 1836 1499 1874 iisdem
1527 1836 1666 1884 signis
1692 1835 1880 1884 scriptas
1911 1845 1990 1874 nec
2021 1836 2106 1874 nisi

284 1909 464 1947 accentu
511 1907 832 1954 discrepantes:
879 1901 1001 1954 ἡμᾶσ,
1043 1903 1164 1953 ὑμᾶσ,
1205 1908 1324 1952 σφᾶσ,
1365 1903 1463 1942 dein
1503 1904 1546 1941 in
1588 1903 1760 1942 Ionicas
1799 1899 1938 1952 ἡμέασ,
1968 1895 2109 1951 ὑμέασ,

373 2080 391 2098 a
415 2069 464 2098 Ex
495 2068 692 2098 accusativo
726 2069 759 2104 ι’,ιι
793 2066 969 2105 geminato
999 2067 1128 2106 prodiit
1155 2065 1252 2107 (ἰ)μιμ
1276 2068 1348 2097 sive
1371 2079 1434 2103 μιν.
1458 2065 1589 2096 Finalz's
1611 2067 1716 2104 igitur
1739 2069 1813 2096 erat
1835 2074 1941 2096 sonus
1962 2078 1996 2103 μ,
2020 2075 2104 2103 qua-

284 2124 426 2160 propter
460 2122 496 2150 in
531 2121 678 2150 dialecto
713 2121 838 2150 Dorica
871 2123 1061 2158 utrumque
1094 2133 1115 2156 μ
1150 2120 1184 2149 in
1216 2132 1231 2148 ν
1271 2118 1366 2156 abiit,
1389 2119 1596 2149 Doederlein
1619 2117 1736 2148 Reden
1761 2119 1828 2148 und
1853 2118 1946 2148 Aure.
1970 2119 2005 2148 II
2031 2120 2106 2154 144,

285 2175 312 2204 Ι.
336 2175 378 2204 M.
402 2174 586 2211 Hoogvliet
608 2173 759 2203 Gramm.
783 2172 975 2203 Raadselen
1001 2173 1040 2202 15
1065 2181 1117 2209 sq.
1274 2172 1289 2201 b
1314 2173 1394 2210 Peg.
1422 2173 1484 2202 160
1500 2171 1522 2201 z'.
1675 2181 1691 2200 c
1718 2172 1736 2201 δ
1760 2173 1799 2201 61
1826 2180 1893 2209 sq.:
1917 2172 2103 2211 εἰρησόμεθ’

287 2229 319 2257 οἵ
346 2228 427 2256 mdo
459 2230 547 2256 ἐστον
569 2224 573 2265 1
595 2227 725 2266 ἀνδρῶν·
756 2228 791 2255 οὐ
821 2227 880 2266 γὰρ
912 2232 1010 2264 σφῶιν
1034 2239 1067 2263 γε
1090 2226 1180 2262 γένοσ
1204 2226 1342 2254 ἀπόλωλε
1368 2228 1494 2262 τοκήων,
1517 2225 1583 2262 leg.
1614 2225 1646 2254 οἳ
1665 2226 1749 2254 uvea
1773 2228 1871 2254 ἐστον·
1891 2224 1896 2262 1
1919 2226 1953 2254 οὐ
1977 2226 2035 2264 γάρ
2059 2235 2105 2254 τοι

287 2281 383 2318 σφῶῖν
403 2292 435 2316 γε
456 2281 515 2308 κτὲ.
649 2278 672 2308 d
696 2281 730 2308 Α
751 2280 814 2309 338
835 2281 863 2307 A
889 2280 952 2309 628
978 2280 994 2307 δ
1021 2280 1061 2308 28
1086 2282 1101 2307 λ
1127 2280 1189 2308 319
1216 2290 1232 2308 υ
1257 2279 1334 2308 32Ί.
1469 2287 1486 2307 e
1507 2278 1590 2308 Fick
1614 2281 1648 2308 et
1671 2278 1810 2308 VChriSt
1832 2278 1936 2314 ἅμμεσ
1959 2280 1992 2306 et
2005 2277 2105 2314 ὕμμεσ

286 2333 390 2362 scribi
424 2333 611 2367 iusserunt,
649 2332 727 2361 Sittl
762 2333 866 2369 ἁμμέσ
903 2335 936 2361 et
971 2332 1081 2369 ὑμμὲσ,
1112 2330 1148 2361 G.
1181 2331 1299 2368 Meyer
1329 2331 1433 2367 ἄμμεσ
1466 2333 1500 2360 et
1532 2332 1633 2367 ῧμμεσ
1669 2328 1753 2371 (not.
1784 2330 1829 2367 f),
1861 2329 2003 2360 Menrad
2029 2331 2103 2367 ἦμέσ

287 2388 321 2415 et
346 2378 433 2419 ῧμέσ.
561 2383 590 2423 f
616 2384 702 2414 Ante
726 2385 880 2415 vocalem
904 2386 1008 2421 ἃμμεσ
1030 2386 1102 2414 sive
1127 2384 1230 2420 ἄμμεσ
1257 2384 1385 2422 legitur
1409 2386 1444 2412 Φ
1467 2384 1531 2413 432
1557 2397 1566 2413 ι
1594 2384 1669 2418 303,
1694 2384 1757 2413 321
1782 2395 1805 2422 χ
1831 2383 1884 2418 55,
1909 2383 2009 2419 ὕμμεσ
2032 2381 2106 2412 sive

288 2438 388 2475 ὔμμεσ
413 2440 445 2466 Α
473 2437 548 2471 274,
572 2438 636 2466 335
663 2440 696 2466 Ψ
717 2438 781 2466 469
806 2449 828 2476 φ
856 2438 932 2473 231,
958 2436 992 2466 in
1012 2437 1078 2466 fine
1102 2445 1222 2466 versus
1246 2437 1345 2470 ι’,ῑμιιεσ
1369 2435 1442 2465 sive
1467 2436 1567 2472 ὔμμεσ
1591 2438 1626 2467 Ξ
1647 2438 1709 2466 481
1736 2436 1767 2464 Ω
1789 2435 2106 2471 242.Quibusloeis

289 2489 427 2520 codices
458 2491 589 2518 variant
616 2490 704 2518 inter
727 2491 806 2525 ἄμμ.
828 2491 906 2526 ϋμμ.
933 2493 967 2519 et
990 2490 1072 2526 ἄμμ-
1099 2490 1189 2525 sinu„
1212 2489 1332 2518 eadem
1359 2491 1473 2518 autem
1498 2487 1644 2527 spiritus
1668 2489 1817 2518 varietas
1841 2491 1894 2518 est
1916 2489 1950 2517 in
1974 2488 2106 2517 numeri

289 2543 400 2572 dualis
436 2541 554 2571 formis
588 2543 669 2578 ἱὲμμε
705 2545 738 2571 et
774 2543 851 2579 ὔμμε
887 2543 959 2572 sive
995 2542 1078 2578 ἄμμε
1110 2545 1144 2571 et
1177 2542 1266 2578 ὔμμε,
1295 2550 1358 2571 nec
1391 2542 1515 2570 nonin
1535 2541 1740 2579 possessivis
1763 2533 1846 2577 ἃμόσ
1870 2542 1943 2570 sive
1967 2535 2050 2576 ἃμόσ
2073 2542 2109 2570 st

288 2589 372 2632 ῧμόσ
395 2595 466 2624 sive
491 2589 571 2630 ὖμόσ
595 2594 614 2632 ἓ
639 2595 690 2623 95.
717 2595 887 2630 Tyrannio
913 2596 946 2624 in
969 2594 1123 2624 secundae
1134 2603 1301 2633 personae
1314 2592 1516 2632 pronomine
1530 2602 1690 2631 asperum
1704 2595 1864 2632 spiritum
1878 2593 2107 2632 praeferebat,

288 2657 410 2678 sonum
442 2649 532 2677 enim
560 2650 591 2676 13·-
623 2656 641 2676 a
671 2645 789 2684 lingua
819 2648 951 2677 Graeca
989 2648 1095 2677 fuisse
1127 2646 1296 2681 alienum
1331 2647 1492 2685 primitus
1522 2649 1636 2676 autem
1667 2646 1822 2676 secundae
1846 2655 2014 2686 personae
2030 2654 2106 2684 pro·

289 2710 413 2731 nomen
443 2701 486 2730 ab
511 2709 644 2738 aspero,
669 2699 801 2738 primae
825 2710 843 2729 8
868 2702 936 2730 leni
955 2702 1079 2739 spiritu
1104 2702 1232 2739 eoepit:
1259 2701 1360 2737 ύμμὲσ
1385 2710 1423 2730 ex
1440 2698 1568 2739 jusma's
1591 2701 1625 2728 et
1647 2700 1754 2736 ὰμμέσ
1777 2708 1817 2729 ex
1840 2697 1954 2728 asma's.
1977 2698 2104 2728 Lenem

288 2752 449 2792 spiritum
475 2754 614 2790 utrique
633 2753 808 2782 tribuebat
832 2754 1046 2783 Herodianus
1071 2753 1244 2789 (Ammon.
1267 2753 1429 2783 Valcken.
1455 2754 1529 2787 236,
1550 2753 1657 2782 schol.
1675 2754 1708 2782 A
1723 2753 1786 2782 335
1805 2754 1833 2781 A
1848 2749 2106 2789 249)Ae01i=mi

288 2805 493 2836 recentioris
516 2806 682 2835 rationem
705 2808 855 2834 secutus.
998 2816 1020 2845 y
1051 2806 1126 2835 Non
1159 2808 1355 2844 congruunt
1385 2808 1415 2835 Γ
1437 2807 1499 2835 104
1524 2808 1559 2835 Ξ
1580 2806 1644 2835 369
1669 2817 1688 2833 α
1714 2805 1754 2834 ’16
1779 2817 1797 2842 γ
1819 2805 1872 2844 81,
1897 2803 1957 2833 sed
1983 2803 2104 2841 proba-

290 2858 410 2889 biliter
433 2862 580 2897 possunt
607 2859 743 2895 corrigi.
937 2857 955 2885 lz
982 2862 1068 2895 ῆ-μεῑσ
1093 2859 1180 2888 locis
1210 2859 1262 2895 ¹79,
1287 2851 1377 2895 ῧμεῑσ
1401 2859 1455 2887 35.
1645 2857 1657 2886 i
1678 2858 1729 2887 De
1753 2865 1836 2886 sono
1859 2862 1943 2893 ᾶ-η
1966 2855 1984 2893 ξ
2010 2855 2028 2884 5
2053 2864 2103 2892 sq.

416 2911 437 2948 j
460 2912 478 2949 ξ
505 2912 557 2941 78.
693 2910 712 2939 k
747 2910 855 2940 Thuc.
891 2910 936 2938 IV
974 2912 991 2939 8
1029 2910 1045 2947 ξ
1083 2912 1113 2949 8,
1151 2913 1213 2940 114
1251 2913 1267 2947 5
1305 2911 1334 2946 5,
1369 2911 1396 2940 V
1434 2912 1474 2940 38
1506 2911 1524 2949 ἓ
1557 2911 1587 2946 3,
1612 2911 1654 2940 81.
1679 2910 1770 2941 (add.
1794 2908 1859 2938 VII
1883 2909 1936 2945 45
1961 2906 1993 2948 4)
2020 2907 2103 2937 Xen.

291 2962 413 3001 Cyrop.
438 2964 482 2993 IV
504 2964 522 2992 2
547 2964 564 3000 ξ
591 2966 608 2992 4
634 2963 676 2992 al.
812 2962 825 2991 l
851 2960 933 2999 ἧαασ
957 2972 979 2990 π
1005 2963 1067 2991 3¹72
1092 2965 1188 3000 (ιξμῐισ
1212 2963 1310 2993 codd.
1335 2964 1433 2993 multi
1447 2966 1556 2993 metro
1568 2962 1687 2998 invito)
1699 2960 1886 2997 Theognid.
1904 2961 1986 2990 1104
2001 2960 2104 2998 Soph.

291 3015 436 3046 Philoct.
462 3017 525 3045 222
551 3016 655 3054 Orph.
683 3016 762 3053 Arg.
789 3017 864 3050 819,
887 3026 971 3053 σφασ
994 3015 1094 3044 Ε567
1120 3016 1237 3055 (σφιασ
1260 3016 1358 3045 codd.
1383 3014 1485 3045 multi
1508 3018 1617 3045 metro
1642 3013 1775 3051 invito),
1801 3014 1897 3051 ἡμέασ
1928 3015 1953 3043 Θ
1977 3013 2040 3042 529
2063 3013 2106 3043 81.

291 3066 390 3107 (locis
427 3069 494 3105 13),
529 3061 629 3103 ὑμέασ
663 3073 682 3100 β
719 3069 772 3107 75,
807 3078 906 3106 σφιασ
945 3070 973 3095 Ν
1009 3067 1071 3096 152
1107 3068 1149 3096 al.
1188 3067 1287 3106 (locis
1321 3068 1389 3106 12).
1522 3077 1548 3096 m
1583 3066 1602 3104 ἓ
1628 3067 1657 3096 8.
1791 3075 1811 3095 n
1849 3066 1864 3095 ὁ
1892 3065 1953 3095 1‘18
1981 3079 1994 3094 ν
2019 3066 2105 3095 2691)

425 3130 441 3150 0
466 3133 487 3159 φ
514 3120 597 3150 198?
729 3132 750 3159 p
777 3122 801 3149 Ε
825 3120 909 3149 151?
937 3122 965 3148 Κ
990 3120 1064 3149 140.
1199 3130 1216 3158 q
1240 3121 1322 3159 σφωέ
1346 3121 1383 3156 (9
1408 3120 1486 3157 315)
1509 3132 1525 3159 ρ
1550 3120 1626 3148 212.
