2234 3443
1062 933 1099 983 I.

825 1103 947 1173 DE
998 1099 1343 1199 Merao.

287 1295 314 1350 ἓ
344 1297 378 1341 l.
412 1299 618 1338 Carmina
650 1301 855 1338 constant
886 1307 908 1336 e
941 1296 1072 1336 certis
1101 1294 1325 1334 ordinibus
1356 1293 1642 1343 syllabarum,
1676 1304 1860 1342 quarum
1895 1302 1996 1331 non-

170 1367 328 1417 nullae,
376 1368 551 1417 paribus
598 1368 844 1407 intervallis
892 1367 1147 1413 disiunctae,
1190 1365 1357 1402 maiore
1398 1364 1519 1402 vocis
1552 1362 1830 1401 contentione
1862 1360 1999 1409 profe-

169 1436 339 1474 runtur.
369 1435 505 1474 Ictum
537 1435 695 1474 habere
727 1436 808 1473 hae
841 1434 1064 1478 dicuntur;
1097 1434 1210 1470 inter
1237 1441 1344 1479 quas
1370 1429 1567 1478 singulae
1593 1430 1777 1468 binaeve
1804 1427 1999 1475 syllabae

170 1503 313 1541 solent
343 1503 611 1543 intercedere
644 1503 767 1541 fusca
799 1502 942 1550 magis
974 1511 1077 1539 voce
1110 1499 1434 1547 pronuntiatae.

292 1569 409 1619 Quae
453 1571 543 1610 ictu
590 1570 894 1619 percutiuntur
941 1567 1150 1615 syllabae,
1191 1566 1236 1604 in
1278 1565 1368 1604 arsi
1398 1564 1566 1613 positae
1598 1572 1695 1602 esse
1728 1561 1811 1600 dici
1844 1559 2001 1607 solent,

172 1645 281 1683 quae
323 1639 412 1676 ictu
454 1640 617 1686 carent,
655 1638 699 1675 in
731 1637 842 1676 thesi.
889 1635 1053 1683 Nempe
1085 1634 1322 1682 pristinam
1355 1633 1445 1670 vim
1480 1641 1610 1670 voces
1643 1629 1755 1669 arsis
1788 1629 1832 1666 et
1864 1626 2002 1665 thesis

173 1704 431 1744 amiserunt.
478 1706 591 1744 Nam
638 1705 793 1744 Graeci
825 1704 996 1743 metrici
1042 1703 1085 1741 in
1128 1702 1251 1750 pedes
1293 1699 1360 1739 vel
1403 1700 1446 1737 in
1485 1708 1637 1747 passus
1677 1697 1770 1736 sive
1812 1694 2004 1743 dipodius

173 1771 436 1811 dirimebant
483 1773 692 1821 carmina,
742 1774 921 1811 cantum
968 1770 1194 1809 saltationi
1237 1769 1472 1816 cognatum
1510 1776 1607 1804 esse
1639 1765 1702 1803 sic
1732 1763 2002 1808 indicantes;

173 1839 306 1888 pedes
346 1842 495 1879 autem
534 1840 738 1887 quoniam
772 1839 902 1878 modo
934 1838 1026 1877 solo
1059 1838 1357 1886 imponuntur,
1391 1834 1519 1873 modo
1550 1833 1775 1880 tolluntur,
1806 1828 2006 1876 singulos

174 1906 306 1954 pedes
345 1908 553 1946 metricos
592 1907 636 1946 in
667 1907 812 1945 thesin
847 1909 889 1944 et
922 1906 1038 1944 arsin
1071 1905 1167 1942 Sive
1199 1903 1267 1941 τὸν
1298 1902 1401 1940 κάτω
1434 1900 1578 1951 χρόνον
1611 1901 1654 1938 et
1681 1896 1750 1935 τὸν
1783 1894 1865 1933 ἅνω
1898 1894 2002 1932 divi·

175 1972 348 2012 debant.
402 1973 497 2013 Ictu
545 1974 678 2023 igitur
721 1974 960 2022 insignitas
1004 1971 1210 2020 syllabas,
1261 1979 1369 2017 quae
1427 1967 1625 2007 canentis
1665 1965 1818 2013 pedem
1861 1961 2005 2000 solum

175 2041 405 2080 ferientem
451 2042 735 2090 comitantur,
785 2042 827 2080 in
873 2040 987 2079 thesi
1036 2049 1131 2078 esse
1173 2037 1389 2085 dicebant,
1428 2036 1470 2074 in
1511 2035 1599 2074 arsi
1630 2034 1781 2072 autem
1812 2027 2008 2077 syllabas

175 2118 285 2156 quae
329 2109 610 2157 proferuntur
654 2110 758 2147 dum
810 2118 886 2157 pes
932 2107 1107 2146 tollitur
1152 2106 1299 2144 humo.
1357 2102 1544 2142 Romani
1590 2110 1693 2139 vero
1739 2095 1911 2136 metrici
1952 2093 2005 2132 ad

175 2186 311 2214 vocem
342 2177 472 2216 modo
503 2176 637 2215 altius
668 2176 889 2216 sublatam
923 2175 1052 2214 modo
1089 2172 1393 2212 demissiorem
1427 2170 1609 2209 nomina
1641 2166 1759 2206 arsin
1792 2166 1836 2203 et
1861 2161 2008 2202 thesin

178 2254 405 2292 perperam
448 2244 673 2283 referendo
715 2254 808 2283 rem
849 2242 1177 2292 perturbarunt.
1211 2240 1293 2279 Sed
1326 2238 1531 2287 quoniam
1565 2236 1699 2274 verba
1730 2232 1882 2272 valent-
1912 2239 2009 2278 usu,

178 2311 320 2350 satius
351 2311 522 2351 videtur
554 2321 629 2350 eos
655 2312 777 2359 sequi
802 2320 935 2358 quam
963 2309 1016 2348 ad
1043 2318 1195 2347 veram
1214 2307 1445 2346 nominum
1463 2301 1836 2352 significationem
1854 2297 2009 2337 redire.

299 2446 546 2486 Similitudo
588 2446 859 2494 syllabarum
903 2453 1058 2482 versus
1100 2442 1269 2481 vicinos
1311 2439 1625 2487 claudentium,
1669 2445 1779 2484 quae
1811 2434 1854 2473 in
1886 2431 2006 2482 poesi

181 2513 392 2552 hodierna
420 2514 484 2553 ita
513 2517 669 2563 regnat
699 2516 747 2552 ut
777 2514 895 2552 iusta
926 2511 1123 2551 carmina
1148 2510 1243 2548 sine
1270 2505 1635 2547 homoeoteleutis
1662 2503 1755 2543 fieri
1781 2510 1909 2551 posse
1932 2499 2006 2537 vix

183 2581 424 2631 videantur,
472 2591 497 2620 a
543 2581 686 2630 prisca
731 2583 824 2620 arte
870 2580 953 2619 fuit
1000 2579 1156 2627 aliena,
1205 2578 1248 2616 et
1294 2576 1331 2614 si
1372 2585 1458 2623 qua
1498 2574 1543 2612 in
1575 2574 1774 2612 veterum
1806 2567 2008 2617 operibus

182 2649 564 2697 deprehenduntur
610 2648 829 2697 exempla,
873 2657 958 2686 non
1003 2645 1149 2685 studio
1190 2645 1420 2693 poetarum
1458 2641 1668 2680 debentur
1684 2647 1715 2688 a,
1749 2637 1824 2676 sed
1854 2643 2007 2674 caecae

181 2716 283 2755 forti
307 2716 503 2764 ipsiusve
534 2716 710 2765 linguae
741 2715 890 2764 indoli,
919 2713 1181 2753 coniecturis
1207 2713 1355 2750 autern
1383 2709 1506 2758 copia
1530 2715 1737 2746 sonorum
1763 2703 2007 2742 vicinorum

268 2882 288 2901 a
311 2873 420 2903 Aliter
450 2877 504 2903 est
531 2873 756 2903 statuendum
781 2872 824 2902 de
843 2868 1081 2910 paronomasia.
1106 2868 1204 2904 Quod
1228 2865 1364 2897 aurium
1389 2865 1598 2896 lenocinium
1623 2865 1759 2893 veteres
1781 2869 1849 2890 non
1873 2867 2011 2897 spreve-

182 2926 280 2954 runt:
307 2925 390 2963 qnid
414 2926 527 2956 enim?
551 2927 771 2965 Quapropter
794 2925 828 2954 in
851 2932 954 2953 versu
976 2935 993 2963 ρ
1019 2923 1100 2952 221:
1126 2924 1267 2958 πολλῆισι
1292 2923 1409 2958 φλιῆισι
1426 2917 1594 2957 παραστὰσ
1617 2918 1766 2955 (pauperat
1787 2910 2009 2950 dipovolectio

181 2977 288 3007 altera
312 2981 464 3017 θλίψεται
487 2980 659 3010 reicienda.
682 2979 829 3015 videtur,
852 2974 1015 3015 quoniam
1036 2976 1086 3004 sic
1098 2974 1190 3013 perit
1202 2970 1447 3003 annominatio.
1463 2968 1659 3000 Cavendum
1674 2970 1790 2997 tamen
1801 2964 1859 2996 hic
1872 2971 2010 3003 quoque

181 3038 224 3059 ne
259 3031 375 3069 specie
409 3031 547 3070 decepti
581 3032 718 3070 longius
750 3029 974 3068 abripiamur.
999 3028 1050 3057 An
1074 3026 1233 3057 consulto
1258 3041 1298 3047 —
1324 3025 1363 3054 ut
1386 3023 1450 3053 hoc
1475 3021 1633 3059 exemplo
1655 3022 1796 3051 utamur
1820 3036 1859 3040 —
1887 3019 2010 3055 quater

181 3082 370 3121 repetitum
394 3084 530 3115 videtur
554 3096 577 3114 π
600 3084 736 3115 initiale
760 3083 795 3113 in
820 3091 923 3113 versu
947 3085 977 3111 Γ
998 3082 1056 3111 50:
1081 3082 1177 3120 πατρί
1199 3090 1230 3109 τε
1255 3084 1309 3108 σῶι
1333 3076 1412 3114 μέγα
1435 3080 1523 3113 πῆμα
1550 3075 1647 3112 πόληΐ
1663 3084 1695 3103 τε
1719 3075 1815 3102 παντί
1838 3082 1870 3101 τε
1889 3069 2008 3107 δήμωιῗ

184 3135 295 3165 Immo
319 3138 414 3167 casui
436 3137 622 3167 tribuenda
645 3139 725 3167 sunt
748 3134 849 3165 talia!
