2234 3443
172 172 196 216 5
228 172 296 219 58,
331 171 402 217 59]
770 182 824 209 nn
857 180 1176 209 οΕοΜΝΑΤΙοΝΕ
1206 180 1358 208 PRIMA.
1906 166 1990 205 167

289 294 446 333 Aliena
491 294 591 332 hinc
635 296 739 332 sunt
775 296 942 344 ,mmmm
987 296 1198 343 τετραπλῆι
1245 301 1327 341 vsa,
1370 292 1414 330 in
1455 291 1611 339 quibus
1643 289 1764 328 nulla
1796 292 1862 328 est
1895 299 1990 329 con-

169 361 328 400 tractio
341 361 371 409 b,
405 362 450 399 et
481 361 587 400 deae
614 371 773 400 nomen
802 363 969 409 Ἀθήνη,
989 361 1210 408 antiquior
1237 361 1355 400 enim
1382 360 1489 398 haec
1513 359 1596 397 fuit
1622 358 1812 396 nominis
1834 358 1991 405 forma,

169 438 226 467 ex
267 438 352 476 qua
397 427 544 466 addito
591 428 747 468 suffixo
789 428 849 466 -ίᾶ
895 428 1060 467 factum
1105 428 1171 467 est
1211 427 1409 466 Ἀθηναίη
1455 426 1549 464 sive
1595 425 1672 463 dea
1717 423 1990 463 Atheniensis.

169 494 313 534 Etiam
355 494 708 543 monosyllabum
739 501 819 546 γῆσ
849 496 911 534 sic
947 495 1325 544 interpretandum
1355 494 1549 532 videtur:
1583 491 1870 531 contractioni
1902 500 1991 529 non

169 561 327 610 deberi,
360 561 435 600 sed
467 564 644 602 nomine
675 566 767 614 γαῖα
805 563 1024 601 vetustius
1060 559 1242 601 suissed.

920 883 1126 925 CAPUT
1156 883 1229 922 ΙΙΙ.

519 1004 620 1054 DE
656 1003 930 1054 DECLIN
934 1003 1163 1053 ATION
1168 1002 1214 1052 E
1253 1001 1619 1054 SECUNDA.

285 1161 306 1206 ἐ)
340 1158 413 1200 59.
447 1159 677 1198 Genitivus
709 1159 882 1198 numeri
913 1158 1150 1207 singularis
1183 1157 1408 1196 desinebat
1439 1158 1482 1195 in
1509 1156 1702 1205 syllabas
1718 1169 1800 1193 -οιο
1814 1161 1843 1203 e,
1860 1155 1985 1193 cuius

161 1227 340 1266 termini
381 1236 516 1265 sonus
556 1225 700 1265 finalis
740 1229 841 1265 ante
873 1226 1047 1265 vocales
1079 1225 1291 1275 supprimi
1323 1226 1493 1274 poterat
1525 1223 1719 1263 elisione.
1753 1223 1986 1262 Praeterea

159 1294 301 1333 forma
337 1295 381 1332 in
422 1307 491 1331 -ov
534 1293 751 1342 desinens,
797 1303 906 1341 quae
948 1295 1100 1341 postea
1143 1293 1322 1341 vulgata
1363 1291 1458 1341 fuit,
1502 1291 1704 1340 plurimis
1735 1289 1981 1329 carminum

158 1362 380 1410 epicorum
422 1361 529 1400 locis
570 1361 805 1410 invenitur,
849 1361 1004 1400 multis
1047 1363 1188 1399 metro
1228 1360 1439 1407 stabilita,
1473 1370 1538 1398 ex.
1572 1369 1657 1407 gr.:
1701 1363 1772 1395 τοῦ
1804 1354 1870 1394 καὶ
1902 1353 1982 1392 ἀπὸ

159 1429 387 1480 γλώσσκσῖ,
417 1433 488 1466 τοῦ
519 1429 749 1479 θυγάτηρθ,
779 1424 844 1466 ἀπ’
879 1428 1114 1478 ulphiam-06
1139 1424 1343 1476 Ὀλύμπου
1357 1425 1387 1465 7¹.

278 1495 510 1535 Terminus
550 1510 646 1545 -οιο,
685 1497 756 1544 qui
799 1497 841 1534 in
884 1496 1111 1535 Thessalia
1152 1496 1224 1534 diu
1257 1498 1357 1544 post
1390 1495 1568 1533 Homeri
1602 1495 1794 1532 aetatem
1829 1485 1982 1536 viimi,

159 1563 203 1602 in
244 1563 569 1612 exemplaribus
601 1575 736 1603 manu
769 1565 945 1612 scriptis
977 1564 1157 1602 elisione
1188 1565 1441 1602 deminutus
1473 1563 1547 1600 vix
1580 1570 1765 1608 usquam
1797 1558 1983 1606 legitur;

159 1630 446 1670 manifestum
489 1633 639 1670 tamen
681 1633 748 1670 est
789 1635 964 1680 poetam
1006 1641 1091 1670 non
1123 1631 1289 1670 dixisse
1323 1641 1390 1669 ex.
1424 1640 1509 1678 gr.:
1544 1627 1612 1667 ἕοῦ
1645 1627 1799 1675 ἑτάροιο
1832 1624 1983 1671 φίλοιο,

159 1707 269 1746 quae
310 1700 413 1736 sunt
453 1699 497 1736 in
539 1699 772 1747 codicibus,
820 1699 919 1737 sed:
953 1695 1112 1750 5f0['(0)
1144 1696 1298 1746 ἑτάροιο
1330 1693 1503 1743 φίλοισί,
1533 1706 1636 1734 nam
1674 1694 1848 1733 obstare
1881 1690 1984 1740 quid

158 1767 333 1814 poterat
373 1766 611 1813 quominus
652 1766 816 1804 vocalis
857 1781 896 1802 -ο
930 1766 1195 1804 elideretur?
1227 1765 1402 1803 Priscus
1433 1766 1582 1802 autem
1616 1772 1713 1801 mos
1744 1769 1876 1799 sonos
1908 1758 1982 1797 eli-

159 1832 322 1872 dendos
363 1831 405 1870 ἐκ
444 1833 625 1882 πλήρουσ
656 1832 873 1871 scribendi
906 1833 1071 1881 peperit
1102 1832 1249 1871 hiatus
1281 1833 1361 1870 hos
1393 1825 1784 1870 molestissimosk:
1818 1825 1980 1875 ἀποιχο-

157 1898 293 1950 μένοιο
339 1898 481 1948 ἔροιτο,
535 1900 679 1946 ξείνοιο
727 1898 903 1949 ἐρέσθαι,
947 1902 1141 1947 ποταμοῖο
1194 1898 1298 1946 ἐῶσι,
1344 1899 1427 1947 leg.
1470 1892 1737 1947 ἀποιχομένοί
1783 1892 1929 1943 ἐρέοιτο
1957 1889 1984 1941 ἶ,

158 1963 289 2014 ξείνοι’
326 1965 564 2017 ἐρέεσθαιΜ,
593 1964 781 2017 ποταμοῑ’
817 1966 955 2005 ἐάουσι
968 1976 1001 2006 ⁷¹.

277 2033 510 2074 Nonnullis
541 2035 649 2074 locis
681 2035 930 2074 coniectura
960 2045 1013 2073 ne
1046 2044 1153 2082 opus
1185 2035 1359 2082 quidem
1392 2035 1472 2073 est.
1506 2032 1617 2070 Nam
1645 2031 1688 2068 in
1715 2030 1797 2068 hoc
1824 2037 1978 2067 versu:

255 2108 257 2110 ’
455 2100 609 2152 ἤλυθεσ
641 2101 683 2140 ἐκ
714 2101 911 2150 uotiuum
944 2098 1016 2139 εἴθ’
1053 2101 1205 2149 dimenso
1237 2096 1380 2139 ἐνθάδ’
1432 2097 1631 2138 ὀλέσθαιθ

158 2178 350 2218 papyrus
390 2170 589 2208 omnium
629 2170 811 2208 testium
853 2169 1164 2217 antiquissima
1204 2169 1336 2207 habet
1372 2165 1561 2215 πολέμοιο
1603 2165 1697 2203 sive
1738 2158 1985 2211 πολέμοι’(ο),

161 2238 210 2274 ut
241 2245 358 2275 nunc
389 2236 502 2276 solet
533 2237 678 2276 scribi.
710 2237 826 2275 Alibi
852 2236 895 2274 ἳσ
928 2236 1091 2285 ἀνέμοιο
1123 2236 1149 2273 ἃ
1180 2236 1253 2287 γάρ
1286 2244 1369 2285 test,
1397 2233 1497 2272 Διὸσ
1523 2233 1716 2284 αἰγιόχοιο
1750 2228 1982 2282 ἀλέγουσιφ,

159 2302 376 2353 Αἰγίσθοιο
423 2299 548 2353 ἀλλ’ν,
594 2302 877 2354 ἀποιχομένοιο
917 2300 1145 2353 Ὀδυσῆοσε
1177 2304 1219 2342 in
1253 2303 1474 2342 nonnullis
1506 2303 1622 2340 certe
1653 2297 1982 2347 exemplaribus

159 2372 314 2410 extant
369 2371 540 2419 integra
579 2371 860 2423 perscriptat‚
907 2372 951 2410 et
993 2381 1092 2410 cum
1139 2371 1266 2419 signo
1314 2369 1530 2409 elisionis:
1579 2363 1694 2406 θείοι’
1738 2363 1982 2415 ’ochoi-106²«

249 2544 269 2563 a
294 2535 326 2563 A
353 2533 427 2563 128.
653 2533 670 2563 b
689 2534 762 2563 Hoc
790 2532 943 2563 efficitur
967 2541 1007 2562 ex
1032 2532 1195 2562 adverbio
1220 2533 1323 2562 διπλεῖ
1343 2532 1426 2570 (non
1449 2532 1508 2568 -ῆι)
1533 2530 1762 2561 dialectorum
1791 2525 1984 2563 Cretensis,

158 2586 353 2622 Locrensis,
376 2585 628 2623 Heracleensis,
651 2586 870 2622 Eretrienffls,
894 2587 928 2615 in
953 2594 1022 2622 quo
1046 2594 1158 2622 neque
1182 2586 1257 2614 soni
1279 2597 1295 2614 ο
1319 2593 1432 2621 neque
1456 2581 1703 2614 contractionis
1723 2584 1803 2612 sunt
1823 2580 1982 2617 vestigia.

158 2639 226 2669 Sed
249 2640 472 2669 Homericum
497 2639 607 2676 διπλῆν
629 2641 660 2668 Κ
685 2640 748 2668 134
772 2649 795 2668 n
820 2639 883 2668 226
908 2639 943 2668 in
968 2639 1103 2668 δίπλακα
1126 2638 1263 2668 videtur
1285 2637 1502 2667 mutandum.
1647 2645 1664 2666 c
1686 2638 1718 2665 Γ
1739 2636 1801 2665 104
1831 2638 1854 2662 Ο
1877 2632 1919 2662 24
1943 2632 1987 2669 (P

161 2693 226 2722 595
257 2692 336 2729 La.)
371 2695 400 2721 T
427 2692 490 2721 259
528 2693 563 2719 Φ
587 2692 627 2720 63
653 2694 668 2720 a
694 2692 770 2730 167,
794 2691 871 2726 302,
895 2690 960 2720 482
979 2703 1001 2727 μ
1027 2691 1066 2720 27
1092 2702 1109 2719 ν
1134 2691 1197 2720 233
1225 2691 1285 2728 (ef.
1308 2690 1342 2719 h.
1367 2692 1430 2728 Ap.
1455 2689 1532 2726 468)
1557 2701 1574 2729 ρ
1599 2689 1662 2718 237
1687 2695 1715 2723 ψ
1742 2687 1806 2716 233
1833 2687 1867 2715 et
1890 2683 1983 2723 apud

159 2743 351 2775 Hesiodum
375 2744 460 2774 locis
485 2743 732 2781 compluribus.
933 2742 956 2772 d
980 2743 1109 2773 Similis
1133 2743 1198 2772 fuit
1217 2742 1306 2773 ratio
1330 2742 1484 2772 adverbii
1507 2741 1667 2771 biformis
1690 2738 1761 2777 ἑὲῆσ
1785 2739 1857 2768 sive
1883 2736 1984 2775 ἑξείησ

160 2796 180 2835 ξ
203 2795 294 2826 324⁴.
429 2805 445 2826 e
468 2796 634 2826 Primitus
658 2794 726 2824 fuit
750 2806 843 2828 -οσιο,
992 2793 1023 2834 f
1044 2797 1075 2824 A
1106 2795 1181 2824 249.
1312 2805 1334 2834 q
1358 2807 1378 2824 α
1403 2795 1456 2824 55.
1590 2792 1611 2822 lz
1634 2794 1669 2822 A
1694 2792 1770 2821 532.
1906 2789 1919 2819 i
1942 2790 1983 2819 In

159 2848 274 2879 titulis
309 2849 520 2880 Thessalicis
554 2849 733 2886 leguntur:
770 2850 954 2888 Φιλάγροιο,
988 2847 1112 2884 Φίξοιο,
1150 2849 1322 2882 Θιοζότοιο,
1354 2847 1396 2876 al.
1427 2855 1490 2876 nec
1515 2854 1582 2875 non
1607 2845 1812 2874 decurtatus
1837 2840 1980 2880 genitivi

158 2903 327 2932 terminus
351 2914 404 2936 -οι,
428 2910 506 2940 pag.
532 2902 595 2931 168
609 2900 635 2937 f.
659 2901 770 2938 Apoll.
797 2909 953 2938 pronom.
970 2902 1049 2930 138:
1072 2903 1167 2935 ὄμοΐο,
1188 2906 1264 2935 σοῖο,
1285 2898 1330 2930 οἷο
1344 2900 1409 2938 ἤτοι
1420 2900 1498 2936 μετὰ
1511 2898 1694 2936 διαιρέσεωσ
1708 2896 1741 2925 τὸ
1757 2909 1766 2925 ι
1785 2894 1984 2935 προσέλαβον

161 2954 262 2992 (haee
288 2957 369 2984 sunt
394 2952 652 2992 superstitionis
674 2953 779 2988 illiue,
799 2953 841 2982 de
861 2962 928 2990 qua
946 2961 1025 2991 pag.
1038 2954 1078 2983 31
1094 2962 1144 2991 sq.
1157 2952 1314 2992 dictum),
1329 2952 1345 2990 ἢ
1360 2953 1545 2982 Θετταλικαι
1568 2952 1636 2982 εἰσι,
1650 2951 1693 2978 ώσ
1705 2949 1756 2978 καὶ
1769 2949 1982 2988 Ἀριστάρχωι

162 3006 297 3046 ἤρεσκεν,
321 3007 505 3037 Herodian.
529 3006 636 3036 schol.
660 3006 694 3034 A
709 3006 774 3034 493
789 3007 817 3034 A
831 3006 873 3035 35
887 3005 943 3041 al.,
955 3004 1097 3035 Meister
1108 3004 1257 3035 Dialekt.
1276 3005 1292 3034 I
1307 3004 1383 3041 305,
1398 3005 1427 3033 1.
1553 3002 1576 3041 j
1599 3003 1630 3031 Ω
1652 3001 1731 3033 416.
1866 3000 1983 3038 kPag.

164 3058 248 3096 ⁷8f,
273 3059 351 3099 86j.
501 3057 555 3087 la
581 3058 644 3088 135
669 3070 687 3095 γ
713 3058 765 3087 77.
914 3067 942 3086 m
967 3069 987 3086 α
1010 3057 1088 3088 405.
1223 3067 1243 3087 n
1272 3060 1305 3086 ψ
1323 3057 1374 3086 73.
1510 3064 1527 3085 0
1551 3057 1582 3085 Γ
1600 3054 1677 3084 428.
1806 3063 1831 3092 p
1861 3057 1884 3081 ο
1906 3053 1984 3082 383,

296 3121 314 3150 q
340 3125 348 3141 ι
375 3111 451 3141 275.
583 3121 600 3140 ν
622 3111 639 3140 δ
665 3111 740 3141 537.
873 3119 889 3140 s
913 3122 930 3150 ρ
954 3111 1029 3141 296.
1164 3112 1177 3140 t
1199 3111 1283 3148 Pag.
1308 3109 1451 3139 76-78.
1587 3118 1607 3138 u
1631 3111 1651 3147 β
1676 3107 1740 3137 259
1765 3106 1814 3136 sic
1837 3102 1889 3136 ΡΒ.
