2234 3443
218 154 272 192 22
998 166 1258 196 PRAEFATIO.

214 278 487 326 tribuissent,
535 280 584 316 ut
631 280 784 327 postea
825 289 956 327 saepe
999 281 1066 318 est
1107 280 1288 329 factum,
1333 291 1402 320 ex.
1443 291 1507 329 gr.
1547 281 1592 319 in
1632 282 1785 321 Iliadis
1821 283 2041 322 codicibus

215 345 504 384 Ambrosiano
547 347 591 383 et
632 344 800 385 Veneto
843 347 880 385 A
912 346 1127 394 huiusque
1160 348 1322 386 codicis
1355 347 1593 396 archetypo
1626 358 1742 388 nunc
1773 349 2040 399 deperditoa‚

215 412 285 451 vel
331 412 375 451 in
423 412 660 461 archetypo
707 413 870 452 codicis
916 414 1114 453 Platonis
1155 412 1418 464 Clarkianib‚
1465 415 1530 454 ita
1571 417 1620 454 ut
1662 418 1838 456 centum
1886 427 2043 456 versus

216 479 396 518 haberet
443 479 606 528 duplex
652 480 839 527 quodvis
894 481 1047 520 folium
1061 489 1089 520 0.
1138 481 1398 520 Litterarum
1456 484 1606 522 autem
1654 484 1851 533 ipsorum
1898 486 2043 524 aetate

214 548 527 595 usurpatarum
570 547 730 586 seriem
772 548 809 585 si
855 548 1102 587 voluissent
1140 549 1279 598 sequi,
1320 549 1485 597 viyenos
1521 553 1745 598 quaternos
1779 552 1824 591 in
1855 552 2042 601 singulis

207 614 380 663 paginis
424 624 579 653 versus
619 615 866 654 exarandos
914 618 1159 665 curassent,
1208 617 1581 664 quemadmodum
1623 619 1667 657 in
1714 619 1841 659 libros
1885 620 2044 668 viginti

210 683 398 730 quatuor
429 684 665 729 utrumque
698 692 806 730 opus
839 682 1126 722 diremerunt.

334 749 399 787 Ad
431 749 654 798 epicorum
688 750 935 788 carminum
970 750 1224 799 exemplum
1250 751 1442 790 directae
1474 753 1580 790 sunt
1609 752 1824 790 editiones
1855 752 2044 791 aliorum

212 817 463 855 carminum
496 818 775 855 vetustorum
818 826 896 856 nec
938 827 1024 856 non
1056 828 1238 867 operum
1271 818 1468 857 oratione
1500 819 1647 858 soluta
1677 819 2045 867 compositorum

214 882 321 920 haec
366 881 484 930 enim
527 882 571 920 in
613 881 773 933 στίχουσ
817 884 912 923 sive
955 895 1112 924 versus
1154 885 1425 933 syllabarum
1469 885 1583 935 XVI,
1626 896 1794 925 versum
1833 887 2045 925 heroicum

214 958 423 987 mensura
448 951 702 999 aequantes,
725 955 830 991 sunt
855 952 996 991 divisa
1008 949 1041 1002 d,
1070 962 1154 1001 quo
1171 953 1334 992 melius
1356 953 1631 1002 singulorum
1648 963 1830 1002 operum
1850 953 2046 993 ambitus

217 1017 461 1065 computari
488 1019 531 1056 et
556 1018 748 1065 pretium
777 1030 833 1058 ex
860 1030 998 1068 aequo
1026 1021 1235 1060 constitui
1262 1022 1454 1070 possete.
1491 1021 1652 1060 Postea
1679 1023 1723 1060 et
1745 1021 2044 1061 Romanorum

213 1083 492 1123 librariorum
518 1085 724 1124 modulus
749 1086 832 1125 fuit
858 1087 1128 1137 hexameter,
1161 1098 1346 1137 „versus
1369 1087 1677 1137 Vergilianus”
1706 1089 1759 1128 ab
1775 1089 1830 1128 iis
1847 1092 2043 1128 vocatus.

1092 1241 1163 1280 IV.

332 1360 436 1400 Ilias
464 1363 507 1400 et
526 1361 722 1409 Odyssea
740 1361 958 1410 quomodo
976 1361 1066 1400 sint
1083 1363 1352 1410 propagatae
1369 1363 1604 1410 postquam
1621 1360 1814 1400 breviter
1832 1369 2049 1409 exponere

217 1429 360 1468 conati
392 1438 560 1477 sumus,
597 1431 802 1478 superest
833 1429 977 1468 dicere
1009 1429 1228 1477 quomodo
1259 1430 1328 1468 usi
1358 1430 1414 1468 iis
1445 1429 1537 1468 sint
1569 1431 1755 1468 veteres.

336 1496 453 1545 Quae
492 1497 624 1545 prisci
666 1499 792 1536 vates
825 1497 1080 1536 cecinerunt
1111 1497 1215 1536 dum
1247 1497 1486 1536 vetustatis
1518 1497 1727 1544 aerugine
1759 1495 2047 1542 obducuntur,

217 1574 304 1603 non
351 1563 455 1603 ficta
500 1565 576 1603 sed
619 1574 674 1604 ex
715 1574 818 1604 vero
859 1565 1000 1604 relata
1039 1565 1183 1613 magis
1226 1565 1454 1613 magisque
1496 1566 1601 1603 sunt
1640 1564 1751 1613 visa,
1789 1563 2048 1602 eruditionis

215 1632 510 1679 gravissimae
543 1634 586 1670 et
620 1642 721 1671 vere
753 1632 928 1670 divinae
959 1631 1102 1681 plena,
1131 1641 1216 1671 non
1243 1632 1297 1671 ad
1325 1631 1606 1671 delectandos
1633 1633 1677 1670 et
1703 1630 2047 1670 commovendos

215 1699 417 1738 homines
443 1701 696 1748 excogitata
722 1700 897 1748 ingenio
926 1699 1081 1748 veloci,
1108 1699 1186 1738 sed
1214 1699 1267 1738 ad
1295 1699 1513 1739 docendos
1544 1698 1802 1747 composita,
1831 1707 1916 1737 non
1949 1707 2046 1736 earn

216 1767 501 1815 potissimum
533 1767 585 1805 ob
619 1777 799 1806 causam
827 1768 959 1816 digna
986 1777 1096 1815 quae
1122 1769 1273 1806 mente
1290 1767 1436 1806 tenaci
1452 1768 1749 1815 servarentur,
1769 1766 1881 1814 quod
1900 1764 2050 1813 pulcra

214 1835 365 1872 essent
391 1836 434 1873 et
460 1835 791 1882 iucundissima,
819 1835 895 1874 sed
924 1835 1037 1883 quod
1065 1845 1135 1874 res
1163 1845 1188 1874 a
1213 1835 1391 1884 proavis
1411 1836 1563 1882 gestae
1591 1834 1634 1872 in
1657 1833 1746 1872 illis
1774 1833 2044 1871 carminibus

215 1899 402 1941 fideliter
432 1904 636 1941 narratae
669 1906 832 1942 essent.

335 1968 468 2017 Quale
507 1970 723 2008 mentium
756 1972 1158 2019 temperamentum
1187 1971 1230 2008 in
1264 1970 1412 2009 Attica
1446 1970 1545 2009 inde
1578 1980 1603 2008 a
1635 1969 1807 2008 Solonis
1838 1968 1891 2007 ad
1924 1967 2048 2007 mini·

216 2046 338 2075 mum
386 2038 529 2076 aetate
585 2037 828 2077 obtinuisse
876 2040 1102 2077 testantur
1149 2038 1320 2086 publica
1367 2040 1595 2077 cantorum
1644 2037 1889 2076 certamina
1933 2035 2046 2074 festo

217 2103 627 2144 Panathenaeorum
670 2105 854 2144 Homeri
890 2106 1090 2144 carmina
1123 2102 1518 2144 declamantiumf.
1552 2105 1681 2144 Pueri
1713 2106 1860 2144 autem
1894 2103 1994 2142 inde
2027 2113 2052 2141 a

213 2172 466 2210 tenerrimis
514 2172 642 2210 annis
688 2173 741 2211 iis
789 2173 1007 2212 discendis
1060 2183 1238 2222 operam
1279 2172 1488 2217 dabanw,
1539 2174 1581 2211 et
1623 2171 1872 2211 Alcibiades
1911 2171 2049 2209 fertur

214 2248 392 2277 summa
419 2249 519 2278 cum
552 2240 852 2288 indignatione
883 2251 990 2289 puer
1021 2240 1223 2279 invectus
1256 2250 1354 2279 esse
1380 2240 1424 2278 in
1453 2240 1543 2278 ludi
1575 2240 1855 2288 magistrum,
1883 2237 2050 2276 nullius

214 2306 352 2354 partis
384 2306 534 2345 Iliadis
568 2307 634 2346 vel
668 2307 891 2355 Odysseae
924 2308 1150 2357 exemplar
1174 2308 1258 2347 sibi
1285 2318 1382 2346 esse
1409 2307 1659 2346 confessum
1675 2303 1706 2345 ἢ.
1735 2305 2049 2344 Adolescentes

305 2456 324 2475 a
349 2446 515 2476 Mnemos.
553 2448 651 2482 1904,
684 2447 875 2477 447—450.
1024 2447 1039 2476 h
1064 2447 1199 2477 Schanz
1229 2448 1345 2476 Herm.
1384 2448 1479 2483 1881,
1504 2447 1694 2476 309—315.
1839 2453 1856 2475 c
1880 2443 2048 2481 Congruit

217 2507 291 2528 mos
322 2500 549 2529 centesimum
581 2508 756 2537 quemque
781 2508 919 2529 versum
949 2500 1046 2538 signo
1080 2500 1248 2530 numerali
1273 2499 1426 2535 notandi,
1451 2509 1503 2529 ex.
1527 2508 1577 2537 gr.
1602 2499 1636 2528 in
1660 2498 1772 2528 Musei
1796 2497 1881 2527 Brit.
1906 2496 2048 2535 papyris

221 2553 295 2587 114,
316 2552 389 2586 127,
414 2553 488 2587 128,
511 2553 584 2582 136.
731 2551 754 2581 d
776 2551 913 2582 Ritschl
932 2551 988 2581 die
1010 2551 1342 2582 Alexandrinischen
1365 2551 1610 2582 Bibliotheken
1637 2552 1734 2586 1838,
1760 2551 1876 2580 Graux
1900 2549 1981 2579 Rev.
2006 2548 2048 2577 de

217 2604 306 2633 Phil.
343 2605 440 2641 1878,
476 2605 645 2642 97—143‚
678 2605 812 2635 Schanz
848 2606 869 2634 1.
895 2606 929 2640 l.,
966 2604 1040 2635 Birt
1073 2605 1134 2635 das
1159 2604 1276 2635 antike
1300 2605 1511 2635 Buchwesen
1538 2605 1623 2634 1882
1649 2603 1789 2642 passim,
1812 2602 1908 2632 Diels
1931 2601 2050 2631 Herm.

220 2658 317 2692 1882,
341 2658 530 2693 377—384,
554 2658 745 2687 Mommsen
771 2658 889 2687 Herm.
916 2659 1013 2694 1886,
1039 2660 1114 2693 146,
1139 2658 1294 2688 Schoene
1319 2658 1380 2687 Rh.
1408 2658 1496 2687 Mun.
1523 2657 1621 2693 1897,
1648 2656 1724 2685 135.
1880 2663 1896 2683 e
1919 2653 2005 2683 Inde
2029 2661 2047 2682 a

217 2710 279 2739 IV0
304 2709 347 2738 ad
382 2710 563 2739 minimum
600 2713 680 2740 ante
718 2709 795 2740 Chr.
833 2711 972 2740 saeculo
1006 2711 1092 2740 haec
1128 2711 1353 2749 computandi
1388 2708 1477 2739 ratio
1513 2709 1678 2739 obtinuit:
1715 2708 1820 2737 Isocr.
1858 2705 2048 2735 Panathen.

215 2762 234 2799 §
262 2763 335 2801 136,
361 2763 608 2801 Theopompus
631 2764 665 2792 in
689 2764 789 2793 Phot.
814 2763 903 2793 Bibl.
926 2764 1000 2793 176.
1135 2763 1158 2801 f
1177 2765 1259 2801 Pag.
1286 2765 1325 2793 13
1338 2762 1369 2793 d.
1502 2773 1523 2802 y
1542 2761 1571 2796 ἐξ
1596 2763 1701 2802 ἂρχῆσ
1728 2760 1801 2791 καθ’
1822 2759 1954 2798 Ὅμηρον
1983 2759 2046 2788 ἐπεὶ

217 2818 422 2851 μεμαθήκασι
444 2818 561 2845 πάντεσ
586 2816 818 2854 Xenophanes
842 2816 1038 2854 rhapsodus
1060 2817 1186 2846 cecinit
1210 2816 1351 2846 saeculo
1375 2816 1447 2850 VI0,
1474 2815 1661 2845 Herodian.
1688 2824 1721 2843 n.
1748 2814 1830 2852 ὁιχρ.
1850 2814 1914 2841 366
1928 2811 2050 2841 Lehre.

217 2867 436 2905 Quapropter
472 2870 614 2899 Homeri
644 2869 842 2898 laudatores
872 2869 986 2898 dicere
1018 2869 1179 2898 solebant
1206 2871 1249 2899 ὠσ
1280 2869 1334 2907 τὴν
1359 2869 1500 2898 Ἐλλάδα
1523 2868 1731 2897 πεπαίδευκεν
1755 2863 1848 2894 οὗτοσ
1869 2865 1884 2893 ὁ
1908 2867 2051 2901 ποιητήσ,

216 2918 302 2948 Plat.
328 2920 411 2957 Rep.
437 2923 499 2950 606
514 2931 540 2951 e.
674 2921 693 2950 Ιι
720 2920 809 2953 Plut.
826 2921 935 2951 Alcib.
954 2923 1015 2951 194
1030 2921 1060 2951 d.
1086 2922 1275 2951 Homerum
1300 2925 1478 2951 mortuum
1499 2920 1609 2950 multa
1630 2919 1727 2949 milia
1748 2918 1923 2947 hominum
1939 2915 2048 2946 nutri-

213 2972 316 3010 visse,
351 2971 385 3001 in
421 2982 460 3002 eo
494 2974 733 3010 describendo,
770 2974 1009 3010 declamando,
1044 2973 1310 3013 interpretando
1345 2976 1546 3011 occupatOS,
1582 2973 1686 3002 Hiero
1718 2972 1829 3000 fertur
1852 2967 1981 2999 dixisse
2005 2969 2048 2997 ad

213 3024 460 3062 Xenophanem
497 3029 620 3064 poetae
655 3027 924 3064 obtrectantem,
959 3026 1049 3057 Plut.
1084 3028 1169 3057 Mor.
1207 3028 1268 3057 175
1284 3037 1310 3057 c.
1344 3027 1443 3063 Quod
1467 3027 1570 3056 etiam
1594 3025 1795 3055 Ptolemaeo
1820 3022 2048 3060 Philadelpho

215 3077 346 3106 Zoilum
383 3079 537 3115 carpenti
569 3079 734 3109 tribuitur
765 3079 962 3116 dicterium,
986 3080 1121 3112 Vitruv.
1147 3080 1211 3109 VII
1234 3080 1357 3118 praes„
1389 3083 1423 3109 et
1446 3077 1664 3117 probabilius
1690 3085 1772 3105 eane
1795 3073 1975 3105 tribuitur.
1999 3075 2048 3103 De

217 3129 311 3160 Zoilo
336 3131 424 3160 infra
450 3139 526 3168 pag.
553 3132 603 3161 35.
