2234 3443
250 226 330 264 132
998 238 1053 266 DE
1085 238 1301 267 consonis.
1930 231 1968 276 [ἓ
2003 230 2060 268 40

244 342 422 381 Boeotia
455 352 552 381 cum
586 344 679 381 eius
711 345 854 382 aetate
885 344 980 382 tum
1013 344 1085 383 diu
1111 347 1212 392 post
1243 355 1345 383 usos
1377 355 1474 384 esse
1501 346 1657 385 docent
1681 345 1845 394 lapides
1871 345 2062 393 plurimi,

243 414 287 448 et
334 409 560 457 aequalem
607 410 911 457 aemulamque
958 411 1172 458 poetriam
1225 408 1459 451 Corinnam
1505 422 1610 451 sono
1651 428 1681 465 f
1721 412 1765 451 in
1797 411 2064 451 carminibus

242 487 366 515 usam
416 487 513 516 esse
561 477 613 515 ad
660 477 809 516 oculos
851 478 1124 517 demonstrat
1165 488 1277 526 quae
1317 480 1386 517 his
1418 480 1546 518 annis
1576 481 1745 528 reperta
1776 481 1844 518 est
1872 488 2064 527 papyrus

243 544 406 582 saeculi
435 546 534 592 post
567 543 664 583 Chr.
697 555 738 583 n.
772 546 1006 584 secundia:
1041 567 1093 573 —
1123 555 1339 593 nusquam
1367 548 1518 585 tamen
1544 547 1587 586 in
1615 547 1790 585 Pindari
1817 546 2063 585 carminum

242 613 367 649 textu
414 612 575 650 tradito
621 611 845 659 digamma
891 612 1114 650 invenitur
1161 611 1437 653 exaratumb.
1484 613 1594 661 Ergo
1641 623 1666 652 a
1707 613 1893 652 librariis
1924 612 2065 651 serius

242 679 362 716 ocius
395 679 610 717 omissum
644 681 710 717 est
743 679 920 727 signum
952 694 996 730 f,
1024 689 1107 727 quo
1140 682 1270 728 poeta
1299 691 1406 719 usus
1437 681 1594 720 fuerat.

359 747 478 784 Idem
521 746 645 784 docet
685 745 993 794 Aristophanis
1025 747 1174 786 fabula
1204 748 1463 795 Lysistrata.
1497 748 1546 786 In
1578 758 1662 796 qua
1693 747 1841 786 fabula
1871 757 1970 786 cum
2003 747 2066 785 sic

241 812 475 860 loquuntur
508 811 708 851 homines
741 813 1068 862 Peloponnesii:

684 877 703 917 ὁ
736 885 817 930 γῶν
851 878 1065 919 Μενέλαοσ
1095 887 1166 919 τᾶσ
1191 878 1361 919 Ἑλένασ
1391 881 1438 920 τὰ
1470 882 1574 932 μᾶλά
1605 896 1661 919 πα

681 952 840 997 γυμνᾶσ
872 946 1144 999 παρα(“]ῑ)ιδὼν
1176 945 1340 1000 ἐξέβαλ’,
1370 949 1455 997 οἰῶ,
1484 947 1526 987 τὸ
1558 949 1704 999 ξίφοσθ

242 1017 305 1054 et:
1315 1015 1383 1054 ναὶ
1413 1016 1464 1055 τὼ
1498 1015 1569 1055 σιὼ

683 1087 812 1118 παντᾶ
843 1097 893 1133 γα
912 1081 1032 1132 ’φέρε
1063 1081 1105 1121 τὸ
1137 1081 1327 1135 (pao-906
1358 1083 1633 1135 ἀμβαλώμεθα
1645 1081 1678 1133 d,

242 1148 550 1187 dubitemusne
594 1148 694 1195 quin
725 1149 962 1201 παραμδών
996 1153 1039 1189 et
1071 1149 1112 1188 τὸ
1144 1149 1302 1203 μέσθοσ
1333 1153 1375 1191 in
1408 1151 1694 1201 pugillaribus
1720 1151 1813 1190 suis
1845 1151 2069 1199 scripserit

242 1216 560 1264 Aristophanes
598 1217 641 1254 et
674 1238 727 1243 ——
756 1226 865 1263 quae
897 1218 1078 1256 maioris
1109 1219 1324 1257 momenti
1357 1221 1425 1258 est
1457 1230 1527 1258 res
1561 1241 1613 1247 —
1647 1219 1689 1257 in
1722 1228 1854 1257 scena
1885 1216 2067 1257 dixerint

241 1286 410 1322 actores
451 1282 502 1321 ab
546 1293 595 1321 eo
637 1283 842 1333 instituti,
877 1285 1248 1332 quemadmodum
1280 1287 1323 1324 in
1357 1287 1454 1334 ipsa
1484 1287 1699 1326 Laconica
1734 1285 1935 1324 homines
1964 1286 2069 1324 tunc

241 1350 530 1398 loquebantur
562 1351 605 1388 et
637 1350 917 1390 scribebant?
949 1352 1016 1390 An
1049 1354 1260 1401 putamus
1292 1354 1509 1392 comicum
1542 1353 1609 1392 τὸν
1641 1352 1896 1402 φιλολάκωνα
1923 1352 2067 1391 nullos

241 1427 431 1465 unquam
474 1417 717 1465 spartiatas
749 1419 969 1458 audivisse
1007 1420 1249 1469 loquentes,
1292 1421 1367 1459 sed
1400 1421 1529 1460 fando
1560 1422 1734 1459 tantum
1767 1420 1981 1468 quaedam
2014 1420 2066 1458 de

244 1495 394 1524 eorum
427 1485 614 1523 dictione
647 1486 868 1534 accepisse
895 1486 946 1524 ab
980 1486 1079 1525 aliis
1104 1487 1274 1535 prolata
1301 1490 1344 1526 et
1377 1510 1428 1515 —
1458 1489 1570 1536 quod
1597 1489 1647 1527 de
1674 1488 1815 1537 poetis
1841 1487 1974 1536 epicis
2001 1489 2067 1526 est

244 1552 540 1602 perhibitume
573 1574 624 1579 —
664 1552 861 1604 „hiatum
895 1553 939 1591 in
967 1553 1146 1592 vocibus
1177 1554 1388 1603 παραϊδών
1421 1557 1464 1594 et
1495 1554 1537 1593 τὸ
1564 1553 1687 1593 ἔσθοσ
1713 1565 1788 1594 cur
1814 1555 2068 1594 admitteret

243 1619 484 1659 nescivisse
517 1619 724 1666 ipsum'’?
756 1620 803 1657 In
837 1620 1056 1659 codicibus
1082 1623 1232 1660 tamen
1261 1622 1333 1670 qui
1360 1623 1412 1661 ad
1439 1633 1518 1661 nos
1536 1624 1828 1671 pervenerunt
1843 1622 2018 1670 signum
2035 1637 2065 1673 f

242 1688 311 1725 his
343 1686 489 1725 verbis
520 1695 605 1724 non
639 1688 706 1724 est
737 1687 948 1727 additum.

360 1753 588 1792 Alcmanis
629 1755 919 1801 partheneum
963 1756 1006 1794 in
1049 1757 1357 1796 vetustissima
1396 1767 1560 1806 papyro
1591 1759 1812 1805 repertum
1845 1756 2068 1804 digamma

242 1822 362 1860 vocis
393 1821 578 1872 fotu-<moe
611 1821 792 1859 exhibet
823 1823 1045 1869 integrum
1079 1826 1122 1861 et
1152 1839 1179 1875 f
1214 1824 1257 1862 in
1297 1839 1317 1873 ρ
1350 1827 1603 1872 corruptum
1636 1825 1679 1863 in
1706 1823 1852 1862 verbis
1879 1819 2067 1875 opffldc’st)

241 1886 303 1927 ὥτ’
347 1888 473 1929 ἅλιον,
503 1887 578 1926 sed
620 1888 818 1936 pluribus
860 1889 979 1937 locis,
1018 1890 1091 1928 ubi
1133 1894 1309 1939 poetam
1342 1892 1449 1930 item
1482 1902 1588 1931 sono
1619 1907 1649 1944 J.-
1681 1901 1812 1930 usum
1844 1892 2066 1930 testantur

238 1956 423 2003 numeri,
455 1955 530 1993 illo
562 1955 686 2003 signo
722 1958 850 1995 caret.

358 2022 617 2071 Epicharmo
650 2033 749 2061 cum
782 2034 889 2063 sono
920 2040 950 2076 f
978 2025 1099 2064 iocus
1127 2028 1303 2075 ereptus
1330 2028 1398 2065 est
1422 2027 1465 2065 in
1491 2027 1659 2066 verbis:
1691 2025 1842 2064 Πέλοπι
1858 2024 2066 2079 (ρέρανον

239 2089 375 2129 ἑστιῶν
409 2091 471 2128 et:
506 2088 603 2127 ἀλλὰ
635 2089 841 2142 (ρέρανόν
872 2107 932 2130 τοι
962 2091 1059 2143 λέγω
1073 2090 1103 2132 f.

357 2157 487 2195 Plura
519 2160 703 2205 possunt
734 2159 887 2207 addim
921 2160 995 2198 sed
1028 2171 1164 2199 unum
1198 2162 1333 2200 etiam
1367 2163 1617 2211 exemplum
1651 2162 1747 2201 soni
1771 2177 1801 2213 f
1828 2171 1853 2200 a
1878 2161 2065 2210 posteris

241 2226 370 2273 poeta
415 2225 554 2263 invito
602 2226 792 2273 neglecti
838 2228 1056 2267 indicasse
1103 2229 1212 2268 satis
1259 2230 1445 2269 videtur.
1500 2226 1776 2269 Pausaniask
1824 2228 2064 2267 memoriae

240 2291 429 2340 prodidit
470 2302 550 2330 sua
591 2295 735 2331 aetate
773 2293 1002 2342 Olympiae
1040 2296 1243 2335 extitisse
1276 2297 1394 2335 Iovis
1425 2299 1619 2335 statuam
1652 2306 1677 2335 a
1708 2296 2066 2334 Lacedaemoniis

239 2359 483 2397 dedicatam
519 2360 562 2397 et
595 2359 674 2397 hoc
705 2360 835 2399 titulo
867 2362 1149 2410 inscriptam:

595 2424 698 2474 δέξο,
727 2425 827 2474 ἅναξ
861 2429 1057 2478 Κρονίδα,
1089 2432 1167 2468 Ζεῦ
1192 2427 1395 2479 Ὀλύμπιε,
1424 2429 1547 2469 καλὸν
1579 2429 1735 2481 ἄγαλμα

651 2492 764 2531 ἶλάωι
796 2498 930 2544 θυμῶι
964 2499 1048 2534 τοῖσ
1080 2497 1434 2546 Λακεδαιμονίοισ.

357 2560 548 2598 Haecine
593 2561 862 2608 scripserunt
904 2563 1253 2613 Lacedaemonii,
1302 2575 1406 2603 suae
1448 2565 1641 2613 ipsorum
1688 2565 1861 2614 linguae
1907 2563 2062 2603 obliti?

239 2627 421 2665 Hiatum
466 2623 596 2666 inter'
619 2627 706 2674 δέξο
750 2631 792 2667 et
824 2628 923 2676 ἅναξ
957 2632 1231 2671 admiserunt
1266 2621 1336 2681 „in
1368 2633 1585 2671 locutione
1618 2644 1640 2671 e
1673 2632 1912 2672 vetustiore
1943 2631 2063 2680 poesi

326 2825 344 2844 cz
370 2816 451 2853 Pap.
485 2815 633 2845 Berolin.
668 2817 789 2853 13284,
820 2817 910 2847 Berl.
943 2816 1215 2849 Klassikertexte
1247 2819 1274 2849 V
1299 2820 1328 2855 2,
1355 2821 1394 2849 19
1420 2828 1508 2857 sqq„
1532 2820 1704 2849 Schubart
1727 2820 1809 2858 Pap.
1834 2820 1890 2850 Gr.
1912 2818 2059 2849 Berolin.

238 2867 305 2895 tab.
338 2868 390 2896 29.
547 2868 562 2897 l)
595 2868 634 2897 In
667 2869 821 2899 vocalem
855 2872 1009 2899 mutatus
1041 2880 1146 2901 sonus
1175 2884 1198 2909 f
1230 2874 1391 2910 superest
1413 2873 1445 2901 in
1473 2881 1556 2902 voce
1579 2874 1680 2902 αὐάτᾶ
1703 2871 1803 2909 Pyth.
1827 2872 1861 2901 II
1887 2873 1939 2908 28,
1963 2874 2001 2901 ut
2025 2874 2058 2901 in

239 2920 420 2949 Homerico
457 2921 611 2960 αὐέρυσαν
647 2924 681 2950 et
715 2920 900 2957 similibus,
935 2931 1012 2960 pag.
1050 2925 1122 2953 134.
1303 2934 1319 2954 c
1342 2926 1397 2954 Ar.
1432 2925 1510 2962 Lys.
1544 2925 1617 2955 155.
1796 2923 1818 2954 d
1839 2924 1926 2954 Ibid.
1963 2925 2059 2954 1095.

372 2982 388 3000 e
419 2972 498 3009 Pag.
533 2974 593 3002 123
607 2973 634 3002 b.
769 2973 792 3010 f
812 2974 932 3003 Athen.
968 2976 1031 3004 338
1045 2975 1076 3004 d.
1209 2986 1229 3014 y
1253 2977 1313 3006 Ex.
1340 2985 1390 3013 gr.
1418 2976 1634 3017 Γαλαξίδωροσ
1657 2977 1739 3007 Xen.
1763 2977 1852 3006 Heli.
1876 2977 1928 3006 111
1953 2978 1970 3006 5
1995 2977 2014 3015 ξ
2042 2979 2057 3007 1

240 3022 303 3059 leg.
337 3021 555 3063 Γαναξίδωροσ
587 3023 726 3065 (Naber)
773 3026 849 3055 coll.
887 3027 1024 3055 nomine
1069 3036 1258 3064 synonymo
1294 3028 1507 3060 Ραναξίδοτοσ
1541 3029 1641 3058 inser.
1680 3029 1836 3059 Orchom.
1870 3030 1946 3058 467.
1980 3030 2060 3067 Ipse

238 3073 344 3111 igitur
380 3076 566 3113 Xenophon
603 3077 718 3106 littera
749 3089 772 3115 f
804 3079 837 3107 in
868 3078 966 3107 libris
997 3079 1067 3108 suis
1095 3089 1178 3110 usus
1203 3083 1256 3110 est
1278 3089 1355 3110 cum
1382 3081 1516 3110 ferebat
1540 3090 1606 3120 res,
1629 3081 1758 3111 librarii
1784 3083 1898 3111 autem
1923 3082 2057 3118 signum

238 3125 414 3156 insolitum
438 3131 617 3157 mutarunt
640 3129 674 3158 in
699 3142 725 3166 γ,
752 3133 790 3159 ut
815 3130 1058 3167 quadratarius
1082 3132 1110 3160 is
1136 3134 1194 3169 qni
1216 3133 1406 3162 versiculos
1431 3133 1597 3163 Balbillae
1624 3136 1717 3171 (pag.
1744 3134 1803 3163 131
1820 3132 1854 3171 Ιι)
1877 3134 2058 3172 insculpsit

239 3182 373 3209 statuae
399 3184 571 3215 vetustam
599 3181 790 3211 cuiusmodi
814 3183 896 3211 vitia
922 3183 1071 3220 plurima
1097 3186 1225 3220 extant,
1252 3193 1329 3222 pag.
1358 3185 1419 3215 137
1435 3185 1455 3215 l.
1591 3185 1611 3215 lz
1635 3184 1735 3215 Paus.
1760 3185 1786 3214 V
1811 3187 1851 3214 24
1877 3185 1896 3223 ξ
1921 3187 1949 3216 3.
