2234 3443
165 179 193 225 ἓ
229 179 327 225 130]
626 189 680 217 Dr:
712 188 953 220 AUGMENTO
985 192 1036 220 m
1070 192 1125 221 m:
1156 191 1544 220 REDUPLICATIONE.
1907 183 1993 221 263

161 302 367 352 operibus
407 303 572 351 passim
614 304 769 352 capite‘
797 306 1122 344 truncarunta?
1162 305 1313 344 Nonne
1355 305 1606 344 comoediae
1649 305 1823 344 Atticae
1855 306 1994 345 fuisse

166 370 349 409 verbum
390 370 589 409 Ionicum
631 369 767 409 θέλειν
808 371 881 410 diu
925 374 993 410 est
1035 372 1265 419 creditum,
1309 372 1444 410 donec
1486 371 1762 410 intellectum
1809 374 1876 411 est
1907 383 1993 412 non

165 437 252 476 nisi
291 437 334 476 in
376 437 555 485 parodia
596 440 641 476 et
680 438 723 477 in
767 438 912 477 verbis
954 439 1177 487 conceptis
1209 437 1244 476 εἰ
1273 436 1374 476 θεὸσ
1405 437 1515 477 θέλει
1546 441 1699 487 poetas
1732 440 1922 479 comicos
1954 440 1995 479 ei

163 503 310 544 locum
351 504 552 543 dedisse?
593 505 745 544 Nonne
788 507 987 544 scenicos
1028 507 1180 554 poetas
1213 507 1501 553 augmentum
1536 506 1799 554 syllabicum
1831 507 1994 555 saepis-

163 572 276 611 sime
321 571 572 619 neglexisse
617 572 850 610 crediderit
896 573 980 611 tiro
1029 572 1294 611 editionibus
1337 572 1653 612 vetustioribus
1701 583 1808 612 usus
1855 573 1994 613 solis?

164 638 414 686 Numquam
454 641 604 677 tamen
646 639 936 687 neglexerunt
977 640 1146 688 comici,
1190 639 1346 687 tragici
1379 641 1531 678 autem
1566 650 1652 678 non
1684 640 1769 678 nisi
1801 641 1871 679 hic
1902 640 1994 679 illic

162 706 289 745 initio
329 716 538 745 versuum
580 707 624 745 in
665 707 917 745 nuntiorum
958 707 1103 745 verbis
1145 707 1292 755 epicae
1332 707 1511 746 dictioni
1545 705 1788 747 affinibusb.
1818 707 1993 747 Scilicet

161 773 427 821 aphaereseos
457 773 632 821 signum
674 775 889 812 omissum
922 774 1073 812 doctos
1102 774 1387 822 indoctosque
1419 774 1524 813 olim
1558 773 1847 822 ludificavit0;
1886 784 1992 813 nam

161 841 261 889 post
293 840 466 879 vocales
496 843 785 889 augmentum
819 840 1096 889 syllabicum,
1131 843 1179 879 ut
1211 851 1346 880 sonus
1379 841 1562 880 initialis
1594 851 1752 880 vocum
1787 840 1880 891 ἐστί,
1904 839 1993 892 ἐγώ,

159 904 449 945 ἀπολείπεσθαι
464 903 498 957 d,
536 907 738 956 aliarum,
781 908 1010 956 aphaeresi
1052 910 1224 956 poterat
1264 909 1418 956 premi,
1463 919 1531 947 ex.
1570 919 1632 956 gr.
1676 907 1750 960 ἐγὼ
1783 907 1995 957 ἐδόκουνε,

161 977 314 1024 μισθοῦ
346 973 509 1023 ἐπόρευε
522 973 552 1024 f,
583 973 631 1024 δὴ
665 973 852 1025 ἐβόησεθ,
884 974 967 1013 ἐπεὶ
999 973 1200 1024 ἐδάκρυσα
1218 972 1250 1024 71,
1282 970 1305 1025 ἦ
1340 974 1578 1025 ἐτολμήσατε
1596 984 1617 1013 ².

278 1041 362 1080 Vix
389 1043 622 1090 quicquam
650 1044 800 1081 autem
828 1043 960 1081 refert
987 1043 1261 1082 scribaturne
1289 1039 1396 1081 πόλλ’
1427 1042 1585 1081 ἔπαθον
1602 1041 1668 1081 καὶ
1685 1040 1791 1081 πόλλ’
1814 1041 1992 1094 ἐμόγησα

161 1119 239 1149 an:
267 1107 392 1147 πολλὰ
413 1106 568 1147 ’πάθον
594 1107 662 1147 καὶ
686 1108 812 1147 πολλὰ
835 1106 1051 1160 ’μόγησα]“,
1080 1113 1127 1149 ut
1156 1111 1236 1149 hoc
1263 1110 1465 1159 exemplo
1491 1112 1682 1158 utamur,
1701 1120 1804 1149 nam
1822 1110 1994 1149 utravis

160 1177 377 1216 scribendi
404 1177 573 1215 ratione
599 1177 818 1216 indicatur
850 1179 1026 1225 poetam
1053 1188 1186 1216 unam
1220 1188 1389 1216 moram
1419 1179 1686 1216 insumsisse
1719 1178 1841 1217 sonis
1873 1192 1916 1214 -α
1950 1179 1993 1215 et

159 1242 196 1282 ε’-
228 1254 386 1283 vocum
426 1243 552 1282 πολλὰ
585 1242 744 1282 ἔπαθον
772 1246 814 1283 et
848 1255 1005 1284 vocum
1039 1243 1163 1282 πολλὰ
1195 1243 1373 1295 ἐμόγησα
1407 1245 1676 1284 coniunctim
1708 1244 1992 1293 proferendis.

161 1311 215 1350 Et
254 1311 395 1350 satius
436 1312 629 1360 profecto
671 1312 802 1351 fuerit
834 1312 1018 1351 rediisse
1051 1313 1103 1350 ad
1136 1313 1330 1361 priscum
1364 1322 1532 1352 morem
1567 1322 1700 1351 sonos
1732 1321 1993 1360 suppressos

160 1377 203 1417 ἐκ
233 1378 415 1428 πλήρουσ
454 1379 693 1426 scribendi;
738 1379 813 1418 sed
847 1379 1082 1418 hodiernae
1120 1380 1458 1428 orthographiae
1490 1380 1598 1418 talia
1629 1390 1714 1418 non
1746 1380 1855 1418 satis
1888 1380 1994 1418 sunt

160 1455 364 1495 congrua,
409 1445 531 1485 elisio
572 1448 721 1485 autem
764 1447 972 1494 quoniam
1015 1447 1058 1485 in
1098 1447 1287 1486 dictione
1322 1448 1444 1496 epica
1476 1449 1520 1486 et
1553 1448 1733 1487 omnino
1766 1448 1808 1486 in
1841 1447 1993 1495 lingua

162 1512 326 1552 Graeca
362 1513 620 1561 pervulgata
651 1513 735 1552 fuit
750 1511 782 1566 k,
811 1515 1063 1562 aphaeresis
1095 1524 1197 1553 vero
1224 1515 1366 1553 rarius
1394 1516 1435 1553 et
1463 1515 1635 1553 cautius
1663 1514 1991 1561 admittebatur,

160 1580 272 1620 ratio
315 1579 400 1618 fert
443 1582 492 1618 ut
533 1580 728 1619 elisionis
770 1581 918 1629 potius
952 1591 1083 1629 quam
1116 1582 1409 1630 aphaereseos
1443 1582 1569 1630 signo
1602 1582 1853 1620 huiusmodi
1884 1581 1995 1620 locis

159 1647 248 1686 iam
284 1649 478 1688 utamur.
520 1647 757 1687 Scribenda
798 1648 932 1696 igitur
972 1649 1129 1688 etiam:
1173 1645 1259 1698 μῆρ’
1303 1647 1399 1699 ἐκάη
1431 1648 1496 1687 καὶ
1529 1645 1716 1699 σπλάγχν’
1752 1647 1952 1686 ἐπάσαντο
1969 1645 1995 1697 l,

160 1712 249 1763 περὶ
289 1713 364 1764 γὰρ
402 1712 546 1763 φρεσὶν
589 1711 709 1764 αἴσιμ’
751 1713 949 1767 ἐρείδειῖη,
989 1712 1046 1754 ὅσ’
1090 1714 1317 1765 ἐρρέζεσκον
1361 1717 1550 1767 Ἀχαιοίη,
1589 1716 1754 1755 Similia
1789 1715 1993 1765 plurima,

161 1783 220 1829 et,
258 1781 353 1830 ipso
386 1783 527 1820 metro
559 1782 752 1834 iubente,
784 1779 891 1820 πόλλ’
927 1781 1232 1833 ἕρρυστάζεσκεν
1245 1791 1273 1820 0.

279 1848 390 1887 Nam
431 1849 545 1896 quod
586 1849 706 1888 fuere
749 1850 822 1897 qui
864 1850 1154 1900 perhiberent,
1193 1851 1245 1890 ab
1277 1852 1476 1890 iterativis
1507 1851 1674 1899 formis,
1710 1850 1859 1898 quales
1890 1851 1995 1890 sunt

159 1913 387 1965 ἐρρέζεσκον
439 1917 483 1954 et
534 1914 854 1965 ἐρουστάζεσκεν,
904 1920 1193 1966 augmentum
1247 1918 1439 1957 alienum
1492 1917 1675 1967 fuissez’,
1735 1917 1994 1966 reprobatur

160 1982 307 2021 verbis
337 1983 482 2021 textui
512 1983 674 2023 tradito
706 1983 890 2023 firmiter
923 1985 1254 2024 inhaerentibus
1286 1984 1463 2034 εἴασκον,
1492 1995 1579 2023 -σκε
1591 1993 1621 2033 q,
1652 1983 1842 2032 ἔφασκον,
1867 1994 1996 2033 -σκεσ,

159 2060 261 2099 -σκε,
290 2060 423 2088 -σκετο
436 2058 466 2099 r,
497 2048 777 2101 ἐμισγέσκοντο
790 2059 818 2099 ³,
858 2049 1071 2102 ἐβίβασκεν
1088 2052 1110 2089 1.
1153 2052 1270 2101 Quod
1304 2062 1469 2090 vanum
1513 2053 1814 2090 commentum
1847 2052 1994 2100 inepte

161 2118 225 2156 sic
266 2118 334 2156 est
375 2117 628 2156 defensum:
676 2119 823 2170 „sonis
860 2131 907 2157 σκ
939 2119 1183 2158 formarum
1217 2120 1525 2158 iterativarum
1558 2118 1669 2157 satis
1701 2120 1850 2167 aperte
1886 2118 1993 2157 indi-

160 2186 307 2223 catum
348 2183 486 2224 fuisse
526 2187 704 2233 tempus
745 2185 1143 2235 praeterlapsum’'.
1177 2187 1300 2225 Itane
1334 2196 1438 2226 vero
1471 2186 1618 2225 serio?
1649 2185 1992 2226 Aristotelemne

195 2347 198 2350 '
249 2357 269 2376 a
292 2346 341 2377 La
362 2347 478 2377 Roche
501 2347 617 2377 Zschr.
642 2348 665 2377 f.
693 2349 756 2377 ost.
781 2348 905 2386 Gymn.
932 2349 1028 2383 1874,
1054 2349 1119 2379 408
1145 2357 1220 2387 sqq.
1246 2351 1280 2378 et
1304 2349 1478 2386 Augment
1503 2349 1543 2379 37
1572 2357 1623 2386 sq.
1825 2346 1840 2376 b
1866 2346 1991 2377 Verane

161 2407 251 2435 quos
274 2399 422 2429 dicimus
445 2399 480 2428 hi
500 2402 596 2430 sunt:
621 2400 744 2430 Aesch.
770 2401 865 2430 Pers.
891 2401 968 2437 376,
992 2402 1069 2436 416,
1091 2402 1168 2438 458,
1192 2402 1256 2431 506
1282 2399 1435 2439 Choeph.
1465 2401 1528 2430 738
1555 2401 1595 2430 fr.
1621 2397 1700 2430 298³
1725 2400 1830 2438 soph.
1849 2400 1932 2430 Oed.
1952 2400 1989 2429 R.

165 2450 250 2480 1249
281 2449 352 2480 Col.
386 2452 482 2485 1606,
515 2449 653 2492 16240)
682 2453 733 2482 El.
764 2451 828 2483 715
856 2462 908 2490 sq.
940 2453 1061 2483 Trach.
1094 2453 1170 2491 904,
1199 2454 1264 2483 915
1296 2454 1377 2483 Eur.
1409 2454 1493 2483 Hec.
1524 2453 1608 2483 1153
1623 2453 1665 2489 (?)
1692 2452 1821 2482 Phoen.
1847 2452 1933 2482 1246
1948 2452 1990 2489 (?)

162 2503 285 2532 Bacch.
314 2502 389 2539 767,
417 2504 514 2540 1066,
539 2504 637 2541 1084,
665 2505 883 2535 G.Hermann
908 2503 1021 2534 Praef.
1047 2505 1087 2534 ai
1114 2504 1278 2541 Bacchas,
1304 2506 1470 2535 Matthiae
1492 2502 1660 2535 Gramm2.
1687 2505 1753 2534 294
1774 2513 1837 2541 sq„
1858 2504 1992 2534 Ahrens

163 2555 206 2584 de
230 2554 320 2585 crasi
342 2558 377 2585 et
400 2556 581 2594 aphaeresi
607 2558 704 2591 1845,
728 2558 769 2586 23
796 2556 848 2594 (=
864 2557 909 2586 kl.
938 2558 1034 2588 Schr.
1060 2558 1077 2588 I
1100 2557 1168 2597 77).
1191 2558 1231 2588 In
1254 2557 1355 2588 medio
1375 2559 1529 2588 trimetro
1550 2557 1749 2595 neglectum
1765 2558 1988 2594 augmentum

162 2605 368 2645 syllabicam
401 2607 522 2637 Aesch.
556 2609 651 2638 Pers.
681 2610 745 2638 313
774 2609 881 2647 Soph.
912 2608 1002 2639 Phil.
1035 2608 1097 2641 371
1131 2610 1213 2640 Eur.
1238 2611 1320 2640 Hoc.
1347 2611 1410 2640 580
1425 2609 1467 2650 (?)
1492 2611 1618 2640 Bacch.
1645 2611 1732 2640 1134
1757 2610 1990 2648 suspicionem

162 2662 289 2696 movet,
312 2668 375 2689 nec
403 2669 470 2690 non
490 2661 572 2690 vitio
594 2663 818 2698 augmentum
841 2661 966 2692 Aesch.
989 2662 1142 2700 Choeph.
1167 2664 1231 2693 930
1255 2663 1290 2692 in
1315 2663 1560 2701 stichomythia
1585 2665 1638 2693 est
1662 2663 1874 2695 neglectum.
1903 2660 1990 2691 Tem-

157 2712 272 2752 porale
294 2716 516 2750 augmentum
540 2722 559 2742 a
582 2714 695 2751 poetis
717 2715 860 2752 tragicis
883 2723 1061 2753 nunquam
1087 2718 1139 2745 est
1163 2715 1372 2753 neglectum.
1601 2724 1617 2745 c
1639 2713 1806 2745 Matthiae
1830 2714 1852 2743 1.
1868 2714 1890 2744 l.
1915 2714 1991 2743 293.

295 2763 319 2794 d
335 2765 416 2794 Eur.
439 2765 528 2795 Med.
554 2765 606 2794 35.
775 2775 792 2796 e
814 2767 920 2804 Soph.
944 2768 1021 2798 Ant.
1047 2766 1123 2800 557.
1298 2766 1328 2807 s
1354 2768 1478 2797 Trach.
1504 2769 1580 2797 560.
1755 2777 1777 2806 9
1800 2766 1889 2796 Ibid.
1915 2766 1991 2796 772.

298 2816 316 2846 Ιι
341 2815 489 2847 Philoct.
515 2818 590 2847 360.
838 2818 851 2848 i
874 2817 964 2849 Ibid.
990 2821 1065 2849 369.
1303 2819 1325 2859 j
1349 2824 1367 2850 1
1391 2821 1454 2849 492
1479 2824 1504 2849 θ
1531 2820 1605 2849 155.
1852 2818 1871 2847 lc
1896 2819 1913 2855 g
1940 2819 1990 2848 13.

299 2868 367 2899 ΖΑ
391 2872 456 2900 464
483 2870 527 2899 al.
683 2879 713 2898 m
737 2869 753 2904 ξ
777 2872 853 2901 433.
1011 2883 1031 2902 n
1056 2885 1078 2911 χ
1103 2874 1157 2902 46.
1318 2882 1336 2902 o
1362 2873 1392 2902 ,Ω
1419 2873 1494 2902 755.
1521 2873 1561 2902 In
1588 2872 1705 2902 verbis
1729 2869 1868 2901 traditis
1892 2872 1992 2900 πολλὰ

163 2921 368 2959 ῥυστάζεσκεν
390 2922 513 2952 vitium
537 2924 636 2952 sonat
659 2934 693 2951 -α
718 2922 834 2952 thesin
855 2924 1008 2962 explens,
1035 2933 1112 2962 pag.
1139 2926 1180 2955 99
1194 2925 1227 2954 h.
1359 2935 1384 2964 p
1408 2925 1519 2962 Etym.
1545 2925 1589 2954 M.
1610 2924 1743 2960 295‚14,
1767 2922 1929 2961 Spitzner
1949 2923 1991 2952 de

164 2980 268 3002 versu
290 2973 438 3004 Heroico
463 2974 539 3013 211,
563 2975 639 3009 213,
663 2973 806 3004 Schafer
829 2975 864 3004 in
887 2976 1052 3006 Brunckii
1078 2977 1129 3006 ed.
1154 2976 1266 3015 Apoll.
1292 2977 1355 3006 Rh.
1378 2976 1414 3006 ΙΙ
1441 2977 1516 3006 175.
1692 2986 1710 3016 q
1737 2978 1761 3005 E
1783 2977 1847 3006 802
1871 2977 1900 3004 Λ
1928 2976 1992 3005 125

168 3029 195 3054 Y
219 3025 284 3055 408
308 3037 331 3064 χ
355 3026 432 3056 427.
662 3034 679 3055 r
702 3029 734 3056 N
756 3028 819 3057 100
844 3027 887 3057 al.
1120 3038 1136 3058 s
1159 3041 1177 3059 υ
1202 3029 1231 3059 7.
1257 3029 1424 3066 Congruit
1447 3028 1655 3068 παρεκέσκετο
1681 3027 1697 3062 ξ
1722 3029 1785 3058 521
1812 3028 1990 3058 traditum.

300 3078 377 3108 εΗ.
408 3078 472 3117 Ap.
506 3079 580 3108 133.
611 3077 778 3116 Congruit
808 3080 990 3121 παρέβασκε
1021 3082 1049 3109 A
1077 3081 1151 3117 104,
1183 3083 1217 3111 et
1246 3082 1282 3111 in
1315 3084 1417 3119 parte
1449 3083 1542 3111 certe
1574 3080 1733 3111 codicum
1759 3081 1889 3120 scripta
1910 3082 1994 3110 sunt

164 3129 328 3168 ὥραασκεσ
351 3132 378 3159 P
399 3130 476 3166 423,
500 3131 749 3171 ἀνεμορμύρεσκε
772 3144 794 3167 μ
820 3133 896 3168 238,
919 3133 1050 3162 diaeum-a
1080 3136 1110 3162 T
1130 3133 1204 3163 135.
