2234 3443
132 199 154 245 5
182 197 251 243 37,
279 195 350 240 38]
885 181 938 231 Di:
973 202 1191 230 consortis.
1864 196 1943 233 111

249 319 439 368 Quarum
471 328 627 357 vocum
661 316 897 356 nonnullae
928 318 1081 365 postea
1122 318 1461 364 permanserunt
1490 317 1535 354 in
1567 316 1750 355 dialecto
1784 317 1946 366 Attica,

132 397 201 426 ex.
249 397 311 434 gr.
359 384 467 432 ἀκμή
510 387 553 423 et
593 384 724 435 αἰχμή.
756 385 899 422 Etiam
934 393 1009 422 eae
1043 383 1216 431 stirpeS,
1251 392 1435 430 quarum
1469 385 1512 421 et
1544 383 1716 422 brevior
1739 386 1948 432 usurpata

132 456 201 494 est
225 454 367 492 forma
393 454 437 491 et
463 452 661 501 amplior,
691 463 745 490 eX
772 462 834 500 gr.
862 451 971 498 δ(α)μ
997 448 1211 499 ὃέδμκμαι,
1239 450 1339 498 δ(ε)μ
1366 449 1560 500 μεσόδμκ,
1586 454 1692 500 κ(α)μ
1725 449 1904 500 κέκμκκα
1918 459 1952 500 α,

132 524 303 560 mutam
335 521 488 568 postea
518 521 765 558 servarunt.

250 649 278 704 ,ξ
319 651 392 695 38.
436 653 484 692 In
526 653 676 701 lingua
719 653 840 701 epica
871 661 1006 690 sonus
1037 667 1066 703 f
1099 650 1290 699 liquidae
1322 651 1579 690 subiunctus
1612 652 1956 690 assimulabatur

132 721 225 760 sive
257 720 310 759 ab
342 731 394 759 ea
425 720 720 759 hauriebatur.
755 720 957 758 Potestas
988 718 1203 766 syllabam
1238 719 1528 766 praemissam
1562 720 1828 758 coniunctim
1861 729 1952 768 pro-

133 788 315 827 ducendi
356 788 426 826 his
468 788 587 827 sonis
628 789 761 827 etiam
795 789 1033 836 postquam
1076 785 1381 824 confluxerunt
1419 787 1675 835 permansit,
1709 787 1784 825 sed
1816 786 1956 825 oculis

133 855 354 904 productio
396 855 566 894 ostendi
609 865 693 894 non
725 857 898 903 poterat
929 864 980 893 ea
1011 863 1095 901 qua
1128 853 1279 892 Graeci
1312 853 1518 902 primitus
1550 855 1617 891 usi
1649 857 1753 892 sunt
1783 854 1954 892 ratione

132 922 360 971 scribendi,
388 923 483 961 sive
511 922 683 961 vocales
711 921 865 960 breves
892 937 932 969 α,
960 935 991 968 ε,
1022 935 1049 967 ι,
1080 934 1114 969 ο,
1145 936 1168 957 υ
1201 931 1277 968 per
1308 921 1417 959 duas
1449 931 1597 959 moras
1629 922 1876 969 protractae
1908 920 1952 959 in

132 976 285 1037 longos
316 999 448 1028 sonos
480 999 517 1038 ᾶ,
546 1002 592 1037 ει,
623 997 649 1037 ῑ,
679 1003 741 1035 ου,
771 997 795 1026 ῡ
828 987 1019 1036 abibant,
1054 988 1147 1026 sive
1179 987 1490 1035 geminabatur
1522 998 1714 1027 consona
1740 998 1952 1035 sequens;

133 1066 236 1095 nam
277 1057 395 1105 longi
435 1057 532 1095 soni
573 1056 739 1095 eisdem
773 1056 912 1103 signis
943 1055 1237 1094 reddebantur
1268 1058 1397 1102 atque
1429 1055 1597 1104 breves,
1632 1058 1675 1094 et
1706 1056 1832 1103 signa
1859 1065 1954 1094 con-

135 1134 341 1163 sonarum
388 1134 474 1163 non
520 1124 806 1162 iterabantur.
854 1123 1012 1161 Parum
1057 1123 1190 1170 igitur
1227 1122 1420 1169 liquebat
1451 1133 1535 1161 vox
1569 1123 1731 1161 litteris
1763 1121 1953 1163 ΞΕΝΟΣ

132 1192 324 1230 indicata
369 1213 421 1219 -—
464 1194 512 1230 ut
558 1192 637 1230 hoc
686 1193 862 1229 utamur
911 1190 1112 1238 exemplo
1147 1211 1199 1217 --
1233 1193 1408 1228 essetne
1456 1188 1569 1236 ξένοσ
1618 1201 1671 1228 an
1719 1190 1849 1236 ξεῖνοσ
1898 1200 1952 1228 an

131 1256 271 1305 ξέννοσ
316 1259 587 1307 proferenda.
620 1259 780 1297 Parum
813 1259 854 1297 id
886 1258 1166 1305 liquebat...
1201 1258 1463 1305 peregrinis;
1497 1268 1598 1296 suae
1631 1268 1732 1296 vero
1762 1259 1953 1306 ipsorum

131 1325 307 1374 linguae
329 1327 402 1373 qui
430 1325 633 1374 legebant
652 1326 797 1374 verba,
827 1336 913 1364 non
931 1325 1183 1364 haerebant.
1202 1326 1494 1364 Athenienses
1511 1326 1646 1373 igitur
1664 1329 1707 1363 et
1722 1324 1957 1364 Dorienses

130 1393 304 1432 litteras
330 1391 522 1434 ΞΕΝΟΣ
545 1393 588 1430 in
617 1393 801 1442 publicis
829 1403 934 1431 suae
958 1393 1152 1431 civitatis
1169 1393 1310 1430 titulis
1329 1396 1536 1431 exaratas
1553 1393 1956 1441 interpretabantur

136 1459 264 1509 ξένοσ,
311 1460 466 1499 Milesii
512 1463 654 1508 ξεῖνοσ,
703 1461 847 1499 Lesbii
894 1460 964 1498 vel
1017 1459 1216 1498 Thessali
1265 1458 1427 1505 ξέννοσ;
1476 1459 1650 1498 Aeolum
1697 1460 1814 1498 enim
1862 1463 1955 1499 erat

137 1528 334 1566 vocalem
361 1528 527 1567 maiore
555 1529 674 1567 vocis
700 1528 902 1567 acumine
928 1528 1135 1576 proferre,
1163 1527 1316 1566 Ionum
1344 1537 1440 1566 eam
1472 1528 1723 1576 extendere,
1744 1527 1961 1566 Athenien-

135 1595 246 1634 sium
278 1606 374 1634 eam
407 1605 492 1634 non
524 1596 782 1644 producere;
817 1605 872 1633 ex
899 1595 1054 1634 horum
1083 1595 1215 1643 igitur
1247 1605 1319 1633 ore
1351 1604 1487 1632 sonus
1517 1610 1547 1647 f
1580 1594 1780 1633 vocabuli
1812 1593 1964 1646 givfoa,

135 1672 244 1711 quae
275 1662 359 1701 fuit
389 1662 531 1701 forma
561 1663 801 1712 primitiva,
835 1662 954 1701 nullo
987 1662 1178 1710 vestigio
1207 1662 1359 1700 relicto
1392 1665 1631 1701 evanuerat
1644 1663 1674 1701 b.

254 1730 364 1778 Ergo
404 1729 622 1769 trifariam
664 1740 808 1768 errare
851 1732 1054 1778 poterant
1096 1730 1166 1776 qui
1201 1729 1403 1777 legebant
1434 1730 1568 1768 verba
1600 1730 1785 1769 dialecto
1818 1730 1962 1768 aliena

137 1800 358 1846 concepta.
385 1798 434 1836 In
461 1798 723 1837 carminibus
749 1800 897 1836 autem
926 1807 1034 1845 quae
1062 1797 1219 1845 longae
1247 1799 1395 1836 essent
1420 1797 1630 1846 syllabae,
1657 1807 1766 1844 quae
1793 1797 1960 1842 breves,

138 1866 309 1914 poterat
351 1863 463 1904 effici
504 1875 526 1904 e
559 1875 768 1904 versuum
811 1865 1021 1913 numeris,
1065 1864 1307 1913 periculum
1338 1865 1472 1912 igitur
1504 1874 1590 1903 non
1623 1867 1717 1903 erat
1749 1875 1802 1903 ne
1834 1866 1964 1906 xenos

139 1935 183 1972 et
228 1936 355 1971 xenos
400 1932 469 1970 vel
515 1942 673 1971 xennos
713 1933 797 1971 nisi
839 1933 890 1970 ab
933 1932 1252 1971 indoctissimis
1285 1932 1539 1970 hominibus
1571 1932 1964 1980 permiscerentur;

138 1999 214 2038 sed
256 1999 329 2037 ubi
371 2001 563 2038 metrum
603 2000 780 2048 longam
824 2000 1040 2047 syllabam
1084 1999 1303 2048 poscebat,
1338 2001 1431 2037 erat
1462 2000 1580 2048 optio
1613 2000 1726 2038 inter
1758 2000 1887 2045 ξεῖνοσ
1920 2002 1964 2039 et

137 2065 290 2113 ξέννοσ.
315 2065 427 2104 Illud
455 2066 627 2105 Ionicae
655 2067 859 2105 dictionis
885 2066 1035 2114 fuisse,
1065 2067 1146 2104 hoc
1163 2065 1380 2114 Aeolicae,
1409 2069 1660 2105 statuerunt
1684 2067 1964 2115 grammatici

138 2134 210 2183 qui
243 2155 296 2162 —
329 2133 451 2172 mille
481 2133 570 2173 fere
602 2134 729 2173 annis
760 2136 860 2182 post
890 2134 1131 2182 priscorum
1164 2136 1391 2182 poetarum
1423 2135 1614 2173 aetatem
1649 2156 1701 2162 -
1735 2135 1804 2173 his
1834 2135 1965 2174 rebus

137 2201 332 2241 studium
365 2211 494 2241 suum
526 2202 846 2250 impenderunt,
879 2203 923 2240 et
955 2201 1155 2249 congruit
1185 2211 1334 2240 eorum
1367 2201 1586 2240 sententia
1617 2212 1716 2240 cum
1747 2202 1967 2251 lapidibus

136 2269 386 2308 lItteratura
416 2268 657 2307 recentiore
689 2268 934 2317 inscriptis;
967 2268 1043 2306 sed
1076 2268 1119 2306 in
1151 2268 1343 2306 vetustis
1374 2268 1577 2317 operibus
1610 2278 1660 2307 ea
1692 2278 1822 2316 quam
1856 2269 1962 2308 dixi-

139 2345 241 2374 mus
285 2335 513 2383 signorum
559 2336 806 2384 priscorum
854 2335 1122 2383 ambiguitas
1168 2335 1266 2374 fons
1312 2335 1524 2374 vitiorum
1570 2335 1654 2374 fuit
1700 2336 1965 2376 uberrimus.

140 2403 322 2450 Iamque
362 2402 406 2441 in
449 2404 694 2442 carminum
738 2403 958 2451 epicorum
1002 2404 1129 2441 textu
1170 2403 1334 2442 tradito
1377 2405 1507 2442 modo
1548 2403 1774 2451 geminata
1804 2404 1967 2453 legitur

138 2468 287 2508 littera
316 2467 491 2517 liquida,
525 2470 651 2509 modo
684 2470 831 2509 brevis
860 2470 1024 2509 vocalis
1049 2470 1092 2508 in
1119 2470 1299 2518 longum
1327 2480 1484 2510 sonum
1502 2473 1676 2510 mutata
1693 2474 1760 2510 est
1785 2472 1962 2521 produc-

139 2537 257 2575 tione
304 2538 677 2585 compensatoria;
727 2538 831 2577 sciri
878 2540 1028 2576 autem
1083 2538 1234 2585 nequit
1280 2538 1498 2577 meliusne
1544 2538 1684 2586 signis
1731 2540 1861 2585 ξεῖνοσ
1908 2549 1962 2577 an

139 2603 278 2651 signis
322 2601 466 2648 ξέννοσ
512 2604 728 2643 indicetur
776 2614 911 2644 sonus
957 2604 1040 2652 quiv
1077 2604 1207 2643 huius
1248 2605 1441 2644 nominis
1471 2605 1555 2645 fuit
1585 2606 1630 2644 in
1662 2616 1734 2645 ore
1765 2606 1961 2655 ipsorum

142 2672 385 2719 poetarum.

262 2736 485 2786 Quomodo
531 2748 634 2777 vero
680 2739 938 2787 proferenda
985 2741 1028 2778 et
1075 2739 1302 2779 scribenda
1349 2741 1454 2778 sunt
1499 2739 1689 2789 Neptuni
1736 2741 1964 2789 epitheton

143 2802 395 2855 ἐννοσίγαιοσ
425 2806 469 2843 et
500 2805 720 2844 montium
754 2808 1096 2855 cognomentum
1128 2805 1438 2856 sivoctaepvmoa?
1470 2806 1537 2845 Ita
1569 2811 1616 2846 ut
1642 2808 1804 2846 tradita
1831 2809 1970 2848 sunt?

141 2871 345 2910 Isdemne
386 2872 521 2920 igitur
562 2872 816 2911 hominibus
860 2883 958 2912 cum
991 2873 1087 2912 soni
1119 2871 1272 2912 ἐννοσι-
1303 2875 1399 2913 tum
1442 2873 1585 2912 εἰνοσι-
1618 2875 1661 2913 in
1699 2885 1773 2914 ore
1806 2877 1966 2914 erant?

231 3039 293 3079 αξ,
329 3042 380 3070 12.
559 3040 575 3070 b
598 3041 671 3077 Quo
711 3042 783 3071 fere
812 3050 897 3071 aevo
928 3041 1128 3073 huiusmodi
1159 3044 1311 3081 syllabae
1346 3042 1381 3072 in
1412 3044 1526 3073 Attica
1559 3051 1576 3072 e
1608 3043 1721 3081 longis
1747 3043 1869 3074 breves
1894 3045 1966 3074 sint

143 3092 255 3122 iactae
279 3092 371 3123 effici
393 3094 524 3132 nequit,
548 3094 608 3123 sed
634 3096 767 3124 certum
793 3096 846 3124 est
868 3095 942 3124 soni
965 3105 988 3132 f
1011 3097 1222 3136 potestatem
1246 3097 1280 3125 in
1305 3096 1364 3125 illa
1383 3096 1523 3132 regione
1539 3096 1636 3133 prius
1649 3096 1846 3127 decrevisse
1860 3106 1963 3135 quam

146 3143 238 3181 alibi,
262 3145 280 3183 ᾖ
305 3147 357 3175 40.
