2234 3443
968 135 1225 163 PRAEFA'rio.
1976 125 2002 163 9

188 249 407 288 inducitur
453 251 614 299 Ἀχαιῶν
662 247 804 286 νόστον
850 247 997 299 λυγρὸν
1042 246 1232 288 ἀείδωνα.
1291 248 1467 296 Mythus
1523 250 1669 286 autem
1718 249 2003 296 perantiquus

189 318 449 364 argumento
481 316 703 364 Odysseae
729 315 1011 354 substructus
1038 318 1118 354 est.
1146 316 1258 353 Nam
1288 315 1500 363 Penelope
1527 314 1663 353 telam
1690 316 1845 353 texens
1873 317 2003 362 atque

188 384 392 422 retexens
437 393 756 432 procerumque
804 384 983 421 caterva
1029 382 1300 421 circumdata
1346 381 1554 430 primitus
1598 381 1683 420 fuit
1727 382 1830 420 luna
1876 382 2004 420 modo

190 459 392 489 crescens
438 450 570 490 modo
617 451 875 489 decrescens
922 451 965 488 et
1011 450 1229 488 sideribus
1271 450 1457 498 stipata;
1500 449 1687 487 maritus
1728 450 1890 497 autem,
1932 449 2004 495 qui

188 519 420 566 postquam
468 520 742 556 mortuorum
790 517 1013 565 regionem
1060 517 1347 565 caliginosam
1395 526 1655 565 permensus
1702 518 1770 555 est
1811 518 1854 554 et
1893 515 2004 563 apud

189 583 315 623 deam
360 584 544 633 Calypso
585 584 679 623 sive
725 583 928 623 Gelantem
959 585 1168 633 latitavit,
1203 594 1316 622 anno
1347 586 1536 622 exeunte
1569 584 1636 622 die
1668 580 1919 621 interluniib
1950 592 2005 620 ex

188 651 383 690 oriente⁶
412 652 466 690 ad
501 662 683 691 uxorem
717 662 923 690 reversus
954 661 1109 700 procos
1141 651 1356 690 molestos
1389 651 1565 700 sagittis
1587 651 1775 699 peremit
1797 649 2005 699 postridie

187 718 283 757 sive
315 719 383 757 die
413 718 526 757 festo
557 713 816 768 noviluniid‚
849 719 1057 768 primitus
1089 719 1174 757 fuit
1204 719 1263 757 sol
1294 719 1559 757 coniunctim
1587 728 1687 756 cum
1713 719 1816 756 luna
1842 727 2004 756 novum

186 795 350 824 annum
382 786 644 834 ingrediens,
677 787 822 825 Etiam
853 786 1092 825 Phaeacum
1124 796 1302 834 nomen,
1336 796 1519 834 quorum
1558 786 1747 833 hospitio
1779 786 1907 823 heros
1938 786 2006 823 est

189 860 402 902 receptus,
431 864 453 892 e
478 854 620 902 prisco
647 854 722 892 illo
749 854 905 902 mytho
933 856 1001 893 est
1028 854 1231 900 ductum;
1260 854 1373 901 quod
1401 863 1559 892 nomen
1580 853 1726 901 furvos
1741 854 2006 890 mortuorum

182 920 402 968 portitores
441 920 711 969 significavit
750 922 857 960 olim
871 928 899 960 e.
933 922 1032 970 Ipse
1065 930 1169 960 vero
1203 920 1426 968 Odysseae
1456 922 1586 969 poeta
1617 930 1757 968 neque
1787 920 2009 958 Phaeaces

187 997 328 1036 neque
369 987 545 1028 Ulixem
587 998 727 1036 neque
768 989 1011 1037 Penelopen
1053 988 1167 1026 tales
1204 988 1289 1026 sibi
1335 986 1478 1040 finxit,
1526 988 1735 1036 primaria
1781 987 1925 1034 mythi
1963 986 2005 1024 vi

188 1056 264 1094 aut
294 1065 378 1094 non
409 1056 560 1104 agnita
591 1059 667 1094 aut
700 1055 900 1095 consulto
933 1055 1149 1104 neglecta.

1072 1200 1125 1238 ΙΙ.

306 1326 399 1364 Iam
427 1326 723 1374 quaerendum
750 1327 921 1374 quando
950 1327 1193 1374 composita
1220 1327 1276 1365 sit
1303 1327 1419 1374 Ilias,
1448 1325 1619 1374 quando
1648 1325 1856 1372 Odyssea.
1889 1323 2005 1361 Deci-

115 1402 125 1413 ·
189 1402 320 1432 mone
347 1396 449 1432 ante
475 1392 698 1432 Christum
727 1396 879 1432 natum
910 1393 1117 1432 saeculo?
1143 1394 1209 1431 An
1229 1393 1453 1441 aliquanto
1470 1393 1620 1442 prius?
1647 1392 1732 1430 Res
1749 1390 1901 1439 dubia;
1930 1390 2006 1428 sed

188 1461 325 1500 etiam
356 1461 612 1500 recentioris
643 1461 802 1499 aetatis
833 1461 1056 1499 utrumvis
1088 1471 1263 1499 carmen
1296 1471 1382 1499 non
1415 1457 1629 1499 videturf.
1877 1455 1879 1470 ¹

306 1527 391 1566 Ubi
416 1529 563 1567 autem
592 1527 667 1566 illa
693 1528 890 1566 carmina
915 1530 1020 1566 sunt
1047 1529 1324 1576 composita?
1350 1529 1400 1567 In
1426 1528 1637 1567 eademne
1653 1527 1783 1566 ambo
1800 1526 2006 1574 regione?

187 1595 348 1643 Ecquid
377 1595 420 1634 in
445 1596 575 1634 Asiae
598 1606 673 1635 ora
699 1596 959 1635 occidentali
977 1596 1046 1635 vel
1075 1597 1117 1635 in
1145 1596 1290 1635 insula
1318 1596 1461 1643 aliqua
1486 1605 1607 1634 oram
1636 1595 1758 1633 illam
1777 1592 2007 1640 adiacenti,

186 1663 230 1701 in
272 1673 383 1711 quas
425 1664 625 1712 regiones
667 1663 807 1702 coloni
848 1662 1002 1702 Graeci
1043 1664 1222 1711 mythos
1254 1673 1358 1702 suos
1391 1673 1412 1702 e
1444 1663 1589 1711 patria
1624 1659 2006 1700 transtulerunw?

187 1730 283 1769 Illic
323 1731 366 1768 in
409 1731 663 1770 civitatibus
703 1731 816 1769 laete
857 1730 1229 1769 efflorescentibus
1264 1731 1375 1769 savit
1416 1740 1521 1768 sane
1553 1730 1674 1778 poesi
1706 1729 1796 1766 vita
1827 1727 2007 1774 beatior,

189 1799 233 1837 et
262 1797 439 1846 plurimi
472 1799 553 1837 viri
583 1799 698 1838 docti
730 1799 973 1837 Homerum
1005 1798 1094 1837 illic
1128 1799 1294 1837 vixisse
1321 1793 1676 1846 perhibueruntfl.
1711 1796 1791 1834 Sed
1824 1795 2008 1833 minime

189 1867 363 1904 constat
408 1876 494 1904 non
539 1866 583 1905 in
622 1867 720 1915 ipsa
762 1865 943 1905 Graecia
984 1868 1221 1913 utrumque
1263 1875 1439 1904 carmen
1483 1875 1579 1904 esse
1621 1864 1844 1903 conditum
1877 1865 2007 1909 atque

189 1932 456 1981 absolutum,
489 1934 533 1972 et
564 1933 761 1981 Odyssea
792 1933 1053 1981 praesertim
1081 1933 1198 1971 haud
1223 1943 1361 1981 pauca
1385 1932 1515 1970 habet
1542 1941 1650 1979 quae
1677 1930 1856 1968 Atticam
1882 1929 2008 1967 nobis

187 2000 231 2038 in
263 2002 460 2039 mentem
493 1998 699 2047 vocanti3
733 2010 873 2047 neque
905 2001 948 2038 in
981 1999 1118 2038 Iliade
1151 1999 1257 2038 talia
1287 1999 1453 2039 frustra
1480 2000 1758 2047 quaeruntur,
1786 1997 2009 2035 —manui

186 2067 414 2115 postmodo
455 2068 814 2116 interpolantium
857 2078 882 2105 a
923 2068 1086 2106 criticis
1127 2067 1332 2115 plurimis
1367 2067 1462 2105 sine
1493 2068 1612 2105 iusta
1643 2076 1775 2105 causa
1806 2060 2007 2103 tributaj.

188 2133 391 2183 Quisquis
422 2136 570 2173 autem
602 2144 864 2183 persuasum
895 2134 1027 2172 habet
1057 2136 1232 2183 poetam
1267 2144 1318 2172 ea
1349 2144 1458 2182 quae
1489 2134 1540 2172 de
1572 2134 1702 2172 rebus
1730 2132 1934 2172 Graeciae
1966 2133 2009 2169 et

187 2201 319 2240 Asiae
350 2202 549 2240 narravit
580 2212 680 2240 non>
699 2202 750 2241 ad
785 2202 1026 2250 imaginem
1061 2202 1157 2240 aevi
1188 2201 1260 2240 diu
1293 2201 1579 2250 praeterlapsi
1605 2201 1905 2247 adumbrasse,
1933 2198 2009 2237 sed

188 2277 244 2307 ex
283 2278 366 2307 sua
404 2269 544 2317 ipsius
586 2271 731 2308 aetate
774 2266 1000 2318 duxissek,
1044 2270 1082 2307 is
1123 2269 1372 2308 necessario
1414 2270 1582 2317 cogitur
1618 2277 1667 2307 ut
1708 2269 1876 2307 statuat
1911 2276 2011 2305 eum

190 2335 383 2374 colonias
424 2336 612 2375 Graecas
652 2338 696 2375 in
739 2337 873 2375 Asiae
915 2347 991 2375 ora
1022 2336 1166 2375 nullas
1198 2339 1274 2375 aut
1305 2336 1381 2374 vix
1413 2336 1526 2375 ullas
1556 2336 1763 2374 habuisse
1796 2334 2006 2382 cognitas,

189 2403 355 2441 vixisse
402 2405 519 2442 enim
565 2407 659 2443 ante
699 2403 1028 2443 Heraclidarum
1076 2414 1204 2451 quem
1247 2407 1418 2443 veteres
1458 2404 1664 2442 dixerunt
1698 2403 1893 2450 reditum,
1930 2401 2005 2439 sed

188 2472 288 2519 post
327 2471 553 2509 Boeotiam
595 2482 620 2510 a
660 2469 820 2510 Boeotis
861 2482 916 2510 ex
957 2471 1184 2510 Thessalia
1224 2471 1365 2519 pulsis
1406 2473 1662 2520 occupatam
1681 2468 1704 2510 l.
1750 2469 2006 2508 Achivorum

277 2622 298 2642 a
321 2623 341 2641 α
366 2613 442 2641 326.
575 2612 591 2642 b
619 2611 634 2646 ξ
661 2613 722 2642 162
751 2623 766 2641 τ
792 2613 867 2642 307.
1001 2621 1017 2641 c
1041 2624 1053 2640 ε
1079 2612 1143 2641 279
1168 2619 1244 2648 sqq.
1269 2623 1290 2648 μ
1318 2612 1333 2640 1
1360 2619 1433 2648 sqq.
1578 2610 1600 2640 d
1622 2623 1638 2640 v
1667 2612 1741 2641 156.
1874 2619 1890 2639 e
1914 2622 1925 2639 ε
1951 2609 2004 2639 35.

317 2662 460 2703 fNono
489 2666 639 2702 saeculo,
668 2667 817 2702 quatuor
851 2663 1001 2694 saeculis
1032 2667 1111 2702 post
1144 2664 1272 2693 bellum
1300 2662 1496 2701 Troianum,
1523 2664 1710 2693 Homerum
1736 2663 1862 2692 vixisse
1885 2661 2008 2690 statuit

189 2716 386 2747 Herodotus
409 2717 444 2747 II
468 2718 521 2754 53,
547 2718 609 2747 145
634 2727 698 2754 sq.;
734 2717 790 2746 cui
822 2726 888 2746 non
913 2717 1098 2746 oblocutus
1131 2718 1185 2746 est
1216 2716 1436 2754 Thucydides
1460 2716 1476 2745 Ι
1502 2718 1518 2745 3
1544 2716 1561 2754 ξ
1588 2718 1616 2745 3.
1747 2725 1769 2754 y
1793 2712 1923 2754 Mylhos
1946 2715 2006 2749 qui

191 2767 288 2806 dicit,
309 2769 452 2799 carmina
474 2769 559 2799 dicit
581 2772 720 2800 vetusta
744 2769 818 2799 sive
843 2769 1114 2799 antehomerica.
1268 2768 1288 2798 Ιι
1311 2767 1392 2806 Pag.
1417 2770 1435 2798 3
1461 2777 1510 2806 sq.
1657 2767 1669 2797 i
1693 2768 1883 2797 Comment.
1905 2767 2004 2797 Hom.

193 2823 293 2861 1911,
325 2822 365 2851 75
389 2831 442 2860 sq.
579 2821 600 2861 j
622 2823 682 2852 Ex.
715 2832 766 2861 gr.
795 2825 823 2852 B
857 2823 1045 2852 546—558.
1188 2821 1208 2851 lc
1231 2823 1286 2851 οὐκ
1315 2822 1455 2862 ἀρχαΐζει
1474 2821 1617 2860 Ὅμηροσ.
1643 2820 1859 2850 Contrarium
1884 2820 2005 2848 statuit

190 2874 411 2904 Aristarchus
446 2877 481 2904 et.
514 2878 592 2913 post
625 2875 722 2904 illum
759 2875 874 2909 multi3
916 2883 934 2904 e
970 2874 1223 2904 recentioribus
1257 2874 1360 2911 Popee
1396 2873 1541 2909 Herder,
1574 2871 1833 2907 vWilamowitz,
1867 2871 2004 2908 Helbig,

191 2925 230 2955 E.
251 2926 378 2964 Meyer,
400 2927 536 2963 Rbmer,
560 2926 716 2963 Belzner,
747 2926 892 2962 Finsler,
917 2927 985 2956 alii.
1166 2926 1179 2955 l
1203 2930 1230 2956 Β
1255 2926 1432 2956 494-510
1459 2929 1492 2955 et
1516 2925 1622 2955 Time.
1647 2925 1663 2954 I
1687 2926 1726 2955 12
1753 2925 1770 2962 ξ
1796 2926 1814 2954 3
1841 2924 2004 2954 Herodot.

195 2978 260 3008 VII
285 2979 359 3009 1¹76.
387 2979 443 3009 Sic
472 2980 595 3009 statuit
627 2980 738 3009 Grates
768 2978 927 3016 Mallota3
961 2988 1072 3017 neque
1103 2980 1253 3009 multum
1285 2979 1540 3016 discrepantem
1571 2978 1777 3007 sententiam
1800 2976 1882 3007 tulit
1903 2977 2006 3006 huius

191 3029 348 3069 aequalis
379 3034 413 3061 et
441 3031 661 3062 adversarius
691 3031 915 3062 Aristarchus:
944 3033 1130 3062 Homerum
1156 3034 1313 3070 tempore
1336 3036 1393 3068 τῆσ
1413 3031 1554 3068 Ἰωνικῆσ
1577 3031 1725 3060 &notulae
1749 3029 1888 3059 vixisse.
1911 3032 2006 3059 Anno

190 3084 276 3114 1102
301 3085 419 3114 natum
443 3086 568 3115 sumsit
591 3086 680 3114 vitae
705 3084 1048 3123 pseudoherodoteae
1073 3085 1220 3122 scriptor
1243 3085 1296 3113 38.
