2234 3443
231 199 250 234 1
259 197 283 234 6
1004 202 1264 231 PRAEFATIO.

221 318 329 356 artis
362 318 556 366 poeticae
589 318 755 366 peritis,
791 327 874 364 quo
907 316 1150 365 exemplari
1182 316 1352 363 quoties
1379 325 1487 364 opus
1514 318 1631 354 esset
1647 316 1843 364 inspecto
1861 317 2049 356 coerceri

221 387 370 434 posset
405 385 637 423 temeritas
668 384 984 432 rhapsodorum
1019 383 1162 431 prisca
1191 382 1266 420 illa
1292 382 1488 420 carmina
1513 383 1798 432 mutantium,
1825 384 2049 423 conciden-

222 453 348 501 tium,
405 452 539 490 variis
586 451 902 490 additamentis
950 450 1222 497 augentium.
1270 449 1322 487 Et
1363 449 1539 497 fortasse
1585 459 1641 488 ex
1685 449 1759 488 illo
1806 451 2048 499 exemplari

224 519 444 558 fluxerunt
475 519 574 568 alia,
609 528 721 566 quae
753 518 940 557 Athenis
972 518 1076 555 sunt
1107 519 1290 555 exarata
1322 518 1366 554 et
1397 516 1636 556 divendita.
1670 516 1738 555 Sic
1771 519 1921 556 natam
1955 528 2051 558 esse

224 587 525 625 recensionem
569 585 818 624 carminum
859 584 1040 623 Homeri
1072 584 1282 631 Atticam,
1315 583 1409 621 veri
1440 583 1556 622 haud
1585 583 1784 622 dissimile
1815 587 1903 632 est;
1939 595 2048 633 quae

224 655 422 692 recensio
452 654 496 692 in
529 654 655 691 textu
688 651 921 690 Homerico
953 660 1036 689 non
1071 651 1213 699 potuit
1243 659 1329 689 non
1362 651 1611 698 praevalere
1638 654 1819 700 sensim,
1846 653 2051 698 quoniam

221 720 434 759 librorum
467 723 717 759 mercatura
747 718 1007 767 praesertim
1040 718 1226 756 Athenis
1256 716 1450 756 fiebata.'

344 787 426 825 Sed
472 786 674 825 credibile
721 796 807 824 non
854 787 922 824 est
968 786 1145 824 textum
1193 785 1342 823 Iliadis
1375 785 1444 824 vel
1486 784 1708 833 Odysseae
1749 788 1867 824 certo
1904 786 2047 833 aliquo

223 855 420 903 tempore
461 854 513 892 ab
550 863 635 892 uno
671 853 925 902 pluribusve
957 852 1211 891 hominibus
1245 862 1327 901 pro
1357 852 1532 891 arbitrio
1565 862 1661 891 esse
1693 855 1916 902 mutatum,
1949 854 2048 892 dein

225 931 300 970 per
346 921 572 960 Graeciam
621 930 820 969 sparsam
869 929 967 958 esse
1013 919 1136 958 illam
1183 920 1484 958 recensionem
1532 921 1576 958 et
1618 919 1670 958 ad
1710 930 1790 959 nos
1820 921 2048 969 perlatam.

225 988 553 1027 Onomacritum
581 997 680 1026 cum
709 988 801 1025 suis
832 987 957 1025 iussu
982 986 1204 1025 Pisistrati
1230 986 1275 1024 in
1303 988 1478 1025 vetusta
1505 986 1580 1024 illa
1607 987 1802 1026 carmina
1827 987 2048 1026 liberrime

225 1059 476 1104 grassatum
518 1066 615 1095 esse
657 1054 842 1094 Wolfius
884 1054 1043 1102 aliique
1080 1054 1392 1103 perhibuerunt
1423 1054 1599 1093 saeculo
1629 1055 1829 1103 proximo
1863 1055 2048 1102 ineunte,

225 1125 414 1162 exeunte
458 1124 607 1162 autem
654 1122 728 1161 illo
769 1122 944 1161 saeculo
981 1122 1208 1170 Augustus
1240 1122 1344 1160 Fick
1377 1122 1727 1160 demonstratum
1758 1122 1838 1160 ivit
1868 1121 2051 1160 Iliadem

227 1193 270 1230 et
312 1191 553 1239 Odysseam
591 1191 706 1229 circa
736 1200 902 1228 annum
936 1190 1021 1228 500
1055 1199 1110 1228 ex
1143 1189 1320 1228 Aeolica
1353 1189 1538 1228 dialecto
1571 1189 1614 1227 in
1647 1189 1843 1227 Ionicam
1876 1198 2049 1227 conver-

226 1269 300 1297 sas
326 1268 422 1297 esse
450 1268 475 1296 a
501 1257 727 1306 Cynaetho
755 1256 860 1296 Chio
873 1253 903 1297 b.
932 1257 1197 1295 Huiusmodi
1224 1256 1448 1305 opiniones
1467 1256 1629 1294 delevit
1646 1256 1738 1294 dies
1756 1257 1830 1294 aut
1847 1255 2047 1294 delebitc.

225 1325 383 1364 Terrae
410 1326 568 1364 faciem
595 1324 938 1364 violentissimis
966 1324 1082 1372 ignis
1103 1324 1265 1362 interni
1281 1323 1584 1372 eruptionibus
1600 1323 1798 1362 funditus
1815 1323 2053 1362 identidem

226 1392 518 1432 deformatam
558 1403 655 1432 esse
696 1392 768 1430 diu
810 1391 894 1430 sibi
932 1393 1247 1440 persuaserunt
1278 1391 1362 1430 viri
1393 1400 1538 1429 rerum
1572 1390 1842 1429 naturalium
1875 1389 2048 1438 curiosi,

316 1581 336 1600 α
362 1572 449 1601 Ante
473 1571 565 1601 bella
591 1570 731 1602 Persica
754 1572 898 1601 Athenis
920 1571 1001 1601 libri
1025 1571 1118 1600 haud
1141 1571 1190 1600 i'ta
1212 1570 1314 1600 multi
1339 1570 1497 1605 fuerunt;
1531 1571 1743 1607 quapropter
1765 1568 1959 1606 urgendum
1983 1576 2050 1596 non

229 1626 282 1652 est
304 1623 340 1653 id
363 1624 457 1660 quod
480 1623 642 1662 perhibet
670 1625 804 1654 Gellius
827 1623 890 1653 VII
917 1625 971 1660 17,
988 1624 1135 1654 Xerxem
1157 1623 1289 1658 „multa
1301 1621 1638 1652 volumina’‘indein
1652 1622 1806 1652 Persiam
1819 1621 2051 1659 absportasse.

228 1676 299 1706 sub
332 1674 370 1706 Vi
391 1685 471 1706 vero
509 1675 642 1706 saeculi
677 1677 781 1706 finem
812 1676 902 1705 inter
935 1685 974 1706 ea
1008 1685 1097 1712 quae
1130 1674 1274 1705 Athenis
1306 1674 1341 1704 in
1371 1676 1531 1712 regiones
1555 1676 1758 1713 peregrinas
1783 1673 2053 1712 exportabantur

227 1729 401 1758 volumina
426 1727 556 1767 scripta
579 1728 863 1759 commemoravit
886 1729 1077 1767 Xenophon
1097 1728 1282 1758 Anab.VII
1303 1729 1321 1757 5
1343 1728 1359 1765 ἓ
1380 1729 1432 1762 12,
1456 1726 1517 1766 qui
1543 1728 1636 1766 apud
1660 1728 1791 1757 incolas
1815 1735 1894 1756 orae
1919 1727 2049 1762 Salmy-

229 1782 363 1811 dessiae
394 1791 528 1811 merces
559 1781 692 1812 Atticas
724 1792 741 1811 e
776 1781 922 1811 navibus
953 1782 1025 1811 illic
1058 1782 1153 1811 elisis
1186 1784 1221 1811 et.
1250 1782 1337 1811 alias
1364 1781 1519 1819 repperit
1543 1784 1698 1810 servatas
1722 1782 1756 1810 et
1778 1780 1897 1809 πολλὰσ
1918 1782 2051 1819 βίβλουσ

227 1835 454 1874 γεγραμμένασ.
600 1834 615 1864 b
640 1835 684 1864 Et
716 1833 800 1864 olim
837 1835 979 1864 fuerunt
1013 1835 1072 1872 qui
1103 1832 1283 1864 Aeolicum
1315 1834 1505 1863 Homerum
1538 1849 1580 1854 —-
1606 1842 1673 1862 non
1705 1834 1965 1870 cognoscerent,
1989 1831 2051 1860 sed

229 1887 461 1925 postularent:
488 1887 562 1925 μὴν
586 1890 712 1925 ποίησιν
733 1889 1008 1924 ἀναγινώσκεσθαι
1031 1886 1113 1920 ἀξιοῖ
1133 1890 1291 1926 Ζώπυροσ
1317 1888 1332 1915 ὁ
1358 1888 1498 1924 [Πάγιήσ
1520 1885 1707 1923 (Saeculo?)
1732 1884 1857 1914 Αἰολίδι
1881 1884 2052 1918 drauum,

230 1939 263 1968 τὸ
298 1940 331 1968 δὲ·
360 1940 436 1969 αὐτὸ
465 1943 666 1979 Δικαίαρχοσ
697 1938 851 1979 (saeculo
884 1942 963 1969 ante
997 1940 1076 1970 Chr.
1107 1938 1225 1980 111⁰)”,
1251 1939 1379 1969 Anecd.
1409 1940 1506 1969 Rom.
1532 1939 1549 1967 5
1581 1938 1706 1968 Osann.
1730 1936 1943 1973 Quibuscum
1969 1935 2052 1966 facit

229 1993 327 2022 Vitae
356 1992 702 2030 psendoherodoteae
732 1992 882 2031 scriptor
911 2001 941 2022 c.
966 1993 1024 2022 37:
1059 1994 1219 2027 „Alohim
1242 1992 1377 2032 Ὅμηροσ
1407 1989 1442 2028 ἦν
1472 1992 1522 2020 καὶ
1548 1990 1616 2020 οὔτε
1633 1991 1703 2020 Ἴων
1727 1991 1795 2020 οὔτε
1819 1990 1995 2031 Δωριεύσ”,
2018 1991 2052 2018 et

227 2046 349 2075 eodem
374 2046 519 2075 tendens
545 2046 704 2084 Ephorus
729 2046 810 2075 olim
838 2046 932 2084 (yma
958 2054 999 2074 ex
1023 2045 1167 2075 Aeolum
1192 2044 1338 2079 colonia,
1362 2045 1528 2082 Smyrnae
1554 2047 1668 2074 antem
1694 2043 1878 2081 metropoli
1896 2044 1985 2081 (pag.
2007 2043 2051 2080 4),

230 2107 308 2127 eum
338 2099 531 2137 repetebat,
563 2099 638 2136 ipse
670 2098 833 2128 videlicet
857 2096 1038 2135 Cymaeus,
1068 2099 1168 2127 Hom.
1191 2096 1261 2127 Vit.
1285 2095 1375 2127 Plut.
1403 2098 1434 2127 2.
1569 2106 1585 2126 c
1608 2097 1714 2127 Seriis
1736 2098 1776 2126 ut
1799 2095 2054 2132 subiungantur

228 2149 374 2185 ludicra,
399 2154 667 2181 commemorata
695 2152 752 2181 hic
777 2154 851 2181 esto
876 2152 1050 2180 sententia
1075 2150 1252 2180 Frederici
1275 2151 1407 2187 Soltau,
1432 2150 1490 2187 qui
1515 2150 1662 2187 vestigia
1687 2157 1848 2188 premens
1874 2148 2051 2178 Hibernioi

230 2204 416 2240 antiquarii
444 2202 531 2237 eius,
564 2203 606 2233 de
637 2213 706 2242 quo
738 2202 881 2242 scripsit
911 2204 948 2233 P.
974 2204 1104 2241 Knight
1128 2202 1264 2239 Proleg.
1283 2201 1319 2232 in
1343 2203 1443 2232 Hom.
1468 2203 1486 2239 ἓ
1511 2204 1564 2241 83,
1589 2202 1767 2241 perhibuit
1791 2201 1891 2241 „dass
1915 2200 1993 2230 dem
2016 2201 2051 2230 in

232 2255 331 2295 ,dem
360 2256 446 2293 jetzt
479 2257 718 2293 griechischen
750 2257 979 2295 Sprachtexte
1010 2256 1234 2286 enthaltenen
1267 2256 1414 2285 anesten
1446 2255 1807 2285 Traditionsbereiche
1831 2254 1907 2283 eine
1927 2253 2054 2283 andere

231 2308 359 2343 „altere
382 2309 534 2346 Sprache
558 2318 599 2339 zn
625 2309 766 2340 Grande
791 2309 881 2346 liege
905 2309 977 2338 und
1001 2309 1082 2338 dass
1107 2309 1204 2338 diese
1229 2308 1382 2346 Sprache
1398 2309 1451 2337 fiir
1467 2308 1522 2338 die
1543 2308 1698 2345 Odyssea
1719 2306 1970 2337 insbesondere
1990 2305 2051 2336 das

230 2361 362 2396 „durch
385 2360 439 2390 die
464 2362 644 2391 Phenicier
667 2370 733 2391 uns
757 2361 986 2391 iiberlieferte
1006 2361 1277 2399 alt-Skythische
1301 2361 1383 2397 sei„
1398 2382 1406 2389 .
1421 2382 1428 2390 .
1442 2369 1509 2390 was
1536 2369 1615 2390 man
1639 2360 1798 2398 gewohnt
1817 2358 1864 2388 ist
1882 2359 1972 2389 auch
1991 2359 2053 2389 das

232 2412 428 2449 „Keltische
462 2422 505 2444 zu
541 2414 713 2450 nennezffl,
749 2410 1003 2452 expeditionem
1039 2416 1153 2443 antem
1189 2413 1347 2442 navalem
1383 2412 1488 2442 LXX⁰
1525 2413 1595 2442 fere
1627 2414 1705 2442 ante
1732 2411 1908 2442 Christum
1932 2415 2050 2441 natum

230 2466 369 2496 saeculo
405 2467 524 2504 polum
558 2466 820 2496 meridionalem
855 2474 977 2495 versus
1011 2468 1212 2504 susceptam
1245 2466 1281 2495 in
1317 2465 1470 2502 Odyssea
1507 2466 1671 2501 enarrari,
1705 2464 1761 2494 die
1795 2464 1951 2502 Mythen-
1982 2464 2052 2493 und

230 2517 459 2556 Sagenkreise
490 2519 535 2548 im
567 2517 821 2548 Homerischen
853 2518 1100 2556 Schifferepos,
1134 2518 1232 2548 1887.
1264 2518 1439 2554 Decennio
1467 2519 1548 2546 ante
1571 2516 1610 2546 A.
1634 2516 1895 2547 Krichenbmer
1916 2515 2051 2547 Ulixem

232 2571 383 2600 Africam
414 2571 685 2601 circumvectum
719 2571 759 2601 ad
795 2571 913 2610 polum
945 2570 1210 2602 meridionalem
1241 2572 1441 2610 pervenisse
1468 2570 1587 2608 ibique
1615 2568 1818 2601 Cimmerios
1838 2568 1961 2599 visisse
1984 2572 2053 2599 sta-

230 2626 356 2659 tuerat,
393 2624 454 2654 sed
489 2622 525 2653 in
560 2624 709 2653 saeculis
747 2624 1017 2653 annumerandis
1052 2625 1229 2661 aliquanto
1265 2624 1379 2654 minus
1414 2622 1572 2653 liberalis
1607 2623 1746 2653 saeculo
1777 2621 1958 2652 xv⁰i11ud
1987 2623 2053 2652 iter

231 2675 477 2715 adscripscrat.
503 2677 577 2707 Non
602 2677 644 2706 ad
669 2676 917 2715 pinguinorum
943 2680 1059 2706 autem
1085 2677 1321 2715 phocarumve
1342 2677 1512 2706 dicionem
1538 2675 1598 2705 sed
1623 2676 1665 2705 ad
1687 2676 1834 2706 Semitas
1859 2675 1955 2704 brevi
1976 2677 2056 2713 post

232 2739 294 2759 nos
324 2730 499 2767 ablegavit
529 2729 636 2759 abbas
667 2730 917 2767 Francogallns
948 2727 1140 2765 Fourriere,
1170 2730 1221 2759 les
1250 2730 1440 2768 Emprunts
1471 2727 1656 2759 d'Homere
1680 2736 1723 2758 au
1746 2726 1832 2757 livre
1851 2727 1894 2756 de
1919 2726 2053 2765 Judith,

234 2784 331 2818 1889,
356 2783 454 2812 cuius
480 2781 638 2820 vestigiis
661 2791 749 2812 anno
774 2783 858 2812 1901
879 2781 1007 2811 institit
1027 2782 1198 2820 Iosephus
1220 2781 1416 2817 Schreiner,
1428 2782 1575 2811 Homere
1587 2781 1750 2819 Odyssee,
1761 2781 1815 2810 ein
1829 2777 2054 2816 mysterioses

230 2835 334 2873 Epos,
362 2844 473 2873 neque
504 2835 614 2865 multo
647 2836 838 2864 cautiorem
869 2843 906 2864 se
938 2835 1114 2872 praestitit
1143 2833 1205 2864 Ph.
1233 2833 1442 2872 Champmlt
1466 2832 1674 2863 Pheniciens
1697 2835 1730 2862 et
1754 2832 1861 2862 Grecs
1885 2840 1927 2861 en
1950 2829 2052 2861 Italie

232 2885 369 2925 d'apres
388 2888 575 2925 l'Odyssee‚
597 2888 694 2918 1906.
714 2885 850 2918 similia
864 2890 944 2916 ante
957 2887 1087 2916 saeculi
1104 2887 1248 2916 alteram
1264 2889 1397 2923 partem
1415 2885 1608 2925 protulerat
1619 2886 1656 2915 L.
1670 2885 1829 2915 Benloew
1842 2884 1892 2913 les
1904 2882 2053 2914 semites

233 2938 252 2968 ὲ.
274 2940 374 2976 Ilion,
398 2942 431 2969 et
454 2940 535 2970 olim
560 2939 707 2969 eundem
735 2947 875 2969 cursum
899 2941 1087 2968 tenuerunt
1112 2937 1229 2976 Bogan
1253 2939 1425 2968 Homerus
1449 2938 1596 2978 ἑβραΐζων
1623 2938 1719 2973 1658,
1741 2935 1902 2966 Croesius
1917 2936 2052 2976 Ὅμηροσ

226 2992 377 3032 Ἓβριιῖοσ
410 2993 507 3028 1704,
539 2992 613 3028 alii;
647 2990 732 3029 quin
764 2991 814 3021 11⁰
842 2989 981 3021 saeculo
1005 2993 1084 3020 ante
1106 2991 1233 3020 Christi
1259 2991 1394 3020 natales
1418 2990 1441 3020 Z
1465 2990 1613 3019 nodotus
1636 2987 1880 3027 Pergamenus,
1905 2988 2052 3018 Cratetis

231 3043 436 3083 discipulus,
459 3045 646 3074 Homerum
672 3044 884 3074 Chaldaeum
909 3043 1067 3079 vocabat,
1091 3043 1200 3073 schol.
1228 3046 1261 3073 Ψ
1283 3044 1336 3080 79,
1361 3045 1396 3073 et
1418 3041 1638 3072 Aristobulus
1656 3041 1806 3071 Iudaeus
1824 3040 2053 3079 philosophus

231 3095 466 3134 Pergamenus
496 3096 772 3126 demonstratum
803 3096 876 3125 ibat
906 3097 1023 3134 epicos
1048 3097 1254 3134 ceterosque
1284 3094 1491 3125 Graecorum
1515 3096 1636 3133 poetas
1658 3096 1764 3131 atque
1786 3093 2012 3135 philosophos
2036 3101 2056 3123 e

234 3150 361 3187 Moysis
382 3147 482 3178 libris
506 3147 614 3178 saeris
638 3157 700 3178 sua¹
720 3149 896 3187 petivisse.
918 3149 983 3178 Alii
1005 3157 1067 3186 pro
1089 3149 1174 3186 Syro
1195 3148 1407 3186 Aegyptiove
1428 3145 1567 3178 homine
1586 3147 1775 3176 Homerum
1795 3144 2031 3176 venditabant.
