2234 3443
246 138 327 175 154
996 148 1050 176 m:
1083 147 1301 176 consoms.
1931 139 1969 184 [5
2001 139 2056 177 45

241 269 476 298 consonam
504 270 541 297 w
568 258 844 308 significavit,
875 260 1040 298 vocalis
1066 262 1214 298 autem
1240 271 1269 298 u
1295 262 1343 299 ut
1360 260 1497 299 oculis
1515 261 1686 300 ostendi
1701 263 1863 310 posset,
1884 261 2058 308 signum

234 327 267 363 Y
293 336 318 364 a
350 325 525 364 Graecis
558 326 731 365 aliunde
763 329 831 365 est
863 327 1141 373 desumtum;
1177 336 1391 365 consonae
1419 327 1488 366 iod
1518 336 1620 366 vero
1645 328 1820 376 signum
1848 328 2058 366 Punicum

242 392 416 432 Graecis
457 393 539 432 fuit
576 394 752 442 signum
793 394 941 433 vocalis
982 394 1076 442 iota,
1121 404 1338 432 consonae
1379 394 1513 442 igitur
1541 391 1569 444 j
1601 395 1725 443 signo
1757 394 1812 433 iis
1852 404 1938 432 non
1975 394 2060 433 fuit

241 470 350 508 opus
382 470 480 498 cum
512 460 673 498 litteris
703 461 767 498 uti
800 463 1079 509 coeperunta.

361 526 629 575 Quapropter
670 527 760 565 iota
802 536 1046 566 consonans
1086 537 1227 575 neque
1269 527 1366 566 aliis
1398 527 1573 576 linguae
1605 529 1749 577 epicae
1782 527 1963 567 vocibus
1994 529 2062 566 est

241 593 534 643 tribuendum,
567 604 705 642 neque
733 594 814 643 his,
847 594 899 633 de
931 594 1087 642 quibus
1119 595 1366 633 dubitatum
1401 597 1490 634 est:
1523 595 1655 634 verbo
1686 592 1868 648 ιρέεμοιιό,
1900 594 2063 634 aoristo

241 658 377 710 ἓήκασ,
411 661 651 709 particulae
684 660 739 698 ὥσ
773 658 1133 710 postpositivaed.

323 826 342 845 α
368 816 584 846 Contrarium
610 825 676 845 non
702 816 851 845 efficitur
875 825 892 845 e
917 819 1053 845 vetusto
1077 816 1214 846 decreto
1238 815 1462 853 pamphylico
1486 817 1582 851 1266,
1603 817 1638 845 in
1658 824 1725 854 quo
1745 816 1907 853 leguntur
1925 814 2060 854 Ιιιιαρόσ,

237 869 308 902 dud,
333 868 475 903 similia3
501 877 579 898 nam
604 876 709 898 sonus
727 880 743 906 J
771 868 818 897 ibi
843 877 860 898 e
885 868 995 898 vocali
1018 882 1027 897 ι
1053 868 1165 898 denuo
1192 870 1244 898 est
1270 871 1383 904 natus,
1403 870 1440 898 ut
1457 880 1479 906 f
1499 869 1533 897 in
1553 869 1656 898 huius
1675 867 1914 907 inscriptionis
1926 868 2061 897 nomine

237 919 355 957 gentili
375 923 543 958 Zeiiflcoo,
565 921 619 950 vel
640 922 675 950 in
697 921 840 959 Cyprico
862 922 1052 960 Ez'afayo'pffo
1068 930 1146 959 pag.
1169 921 1277 960 1309.
1430 920 1445 949 b
1473 920 1490 958 ἓ
1516 921 1599 959 Pag.
1626 922 1687 951 148
1702 930 1731 951 o.
1866 929 1882 950 c
1906 920 1924 959 ἓ
1951 918 2061 950 15022.

367 972 389 1001 d
411 972 429 1010 ξ
457 974 530 1003 101.
