2234 3443
130 172 154 217 ξ
190 170 288 215 191]
734 178 788 207 m:
821 175 1045 204 s'rmmssns
1076 177 1122 205 m
1154 176 1190 213 ᾱ,
1224 180 1263 214 η,
1297 180 1340 204 ω.
1859 162 1943 201 321

128 294 283 333 Ioniaa
319 295 416 332 tum
455 293 499 331 in
541 292 689 332 Attica
729 291 799 330 usi
838 293 954 329 sunt.
996 290 1088 328 Non
1120 289 1331 337 consulto,
1363 298 1449 327 non
1481 290 1745 335 constanter,
1779 296 1865 325 non
1896 285 1948 324 ab

130 370 216 399 uno
258 360 402 408 aliquo
442 360 620 398 homine
660 358 929 407 temporisve
960 367 1044 396 uno
1076 356 1257 395 articulo
1290 356 1332 394 id
1363 356 1531 394 factum
1564 357 1643 403 est,
1678 354 1753 393 sed
1784 353 1949 392 sensim

130 429 174 467 et
214 429 389 467 nemine
430 427 707 474 advertente;
749 425 914 464 multae
955 424 1074 463 enim
1115 424 1294 471 formae,
1338 433 1521 471 quarum
1558 422 1713 460 breves
1744 421 1840 460 soni
1867 420 1949 459 duo

130 494 174 533 in
213 505 350 534 unum
391 494 570 542 longum
613 492 925 540 confluxerant,
968 490 1164 529 numeris
1205 490 1319 528 haud
1356 489 1471 528 male
1503 486 1834 527 conveniebant.
1866 486 1950 526 Ubi

129 563 280 601 tamen
334 561 498 600 vocalis
554 560 698 599 brevis
745 559 874 607 longo
920 567 1026 596 sono
1071 558 1271 606 proximo
1318 557 1476 595 hausta
1514 556 1715 604 perierat,
1758 556 1948 593 metrum

131 628 426 675 claudicabat;
459 629 534 667 sed
576 637 631 666 ne
670 628 752 666 hae
792 626 966 674 quidem
1000 625 1166 664 formae
1197 623 1396 663 versibus
1428 632 1693 672 magnopere
1725 621 1952 668 nocebant,

131 695 233 743 quia
283 705 417 734 sonus
461 705 483 734 e
530 693 827 734 contractione
872 695 1003 731 natus
1048 702 1125 741 per
1169 693 1259 730 tres
1305 694 1546 739 quatuorve
1578 699 1725 729 moras
1757 688 1951 737 protrahi

129 764 302 811 poterat
347 772 452 801 voce
499 761 799 809 declamantiS,
843 760 903 798 ita
943 761 992 798 ut
1032 759 1289 798 hexameter
1322 758 1389 797 vel
1429 758 1492 796 sic
1538 756 1724 804 integris
1770 755 1950 804 pedibus

130 828 358 868 decurrere
389 829 624 868 videretur.

248 897 408 936 Postea
439 897 689 936 contractae
721 895 802 934 hae
832 894 1002 933 formae
1029 895 1369 942 permanserunt
1394 892 1610 941 plerisque
1637 891 1845 938 locorum,
1878 889 1951 928 ubi

130 962 254 1002 salvo
286 965 429 1002 metro
457 964 656 1012 poterant
683 961 872 1001 tolerari.
903 960 1177 1010 Quamquam
1204 961 1400 998 duriores
1427 959 1541 998 haud
1568 959 1693 1007 pauci
1710 959 1773 997 sic
1790 957 1952 997 fiebant

130 1039 300 1078 versus,
343 1041 410 1069 ex.
454 1041 515 1078 gr.
559 1031 597 1069 ei
637 1039 821 1078 quorum
855 1039 930 1078 pes
961 1032 1144 1076 quartus
1176 1027 1440 1077 implebatur
1472 1027 1602 1066 verbo
1634 1028 1678 1065 in
1709 1026 1950 1074 spondeum

132 1096 351 1136 desinenti
391 1095 563 1146 ἐφοίτων
605 1097 672 1136 vel
713 1096 958 1145 κατεκόσμει,
1001 1096 1147 1143 qualia
1178 1096 1221 1134 in
1254 1097 1410 1144 poetae
1441 1104 1513 1133 ore
1544 1094 1717 1133 fuerant
1750 1091 1953 1142 ἐφοίταον,

131 1163 366 1213 κατεκόσμεε
382 1162 412 1204 b.
444 1165 587 1203 Etiam
621 1166 762 1213 magis
795 1166 946 1213 aperta
977 1173 1047 1202 res
1079 1169 1145 1202 est
1176 1164 1218 1202 in
1252 1164 1332 1201 hoc
1365 1163 1647 1201 hexametro:

483 1232 630 1284 foivoet
662 1231 906 1281 Πραμνείωι,
939 1229 1002 1269 ἐπὶ
1034 1227 1067 1268 δ’
1101 1230 1250 1281 αἴγειον
1277 1226 1368 1280 ’κνῆ
1406 1229 1525 1279 τυρόν
1539 1236 1567 1278 ⁶,

132 1297 206 1336 ubi
236 1299 289 1337 ad
322 1299 575 1347 exemplum
607 1309 763 1338 versus
795 1301 912 1337 recte
944 1298 1006 1338 sic
1037 1298 1209 1337 traditi:

484 1367 610 1417 αὐτὰρ
642 1364 662 1405 ὃ
694 1366 825 1415 μακρὰ
856 1367 963 1415 βοῶν
997 1365 1264 1417 Ἀγαμέμνονα
1291 1362 1431 1404 ’νείκεε
1462 1360 1635 1414 μύθωιθῖ

131 1432 363 1481 legendum
395 1437 464 1474 est
488 1431 634 1483 ’κνέεεχ
667 1444 721 1473 ne
753 1434 796 1472 in
828 1433 1092 1481 disyllabum
1125 1434 1295 1472 desinat
1324 1443 1479 1472 versus
1506 1427 1811 1481 spondaicusf.
1839 1430 1951 1468 Item

131 1499 175 1538 in
206 1500 287 1540 hoc
317 1511 469 1541 versu:

487 1562 543 1606 ὧσ
573 1574 652 1606 τῶν
678 1564 840 1616 ’κόμπεε
870 1567 1014 1618 χαλκὸσ
1046 1566 1108 1606 ἐπὶ
1140 1569 1329 1617 στήθεσσι
1359 1567 1558 1615 φαεινόσέ]

133 1652 187 1681 ne
233 1642 405 1691 legatur
447 1645 490 1683 id
537 1644 649 1692 quod
691 1643 959 1692 exemplaria
999 1644 1298 1693 manuscripta
1337 1643 1495 1681 habent
1530 1638 1737 1691 (’)κόμπει,
1769 1640 1953 1679 suadent

132 1711 318 1760 numeri,
359 1711 494 1750 durus
536 1711 652 1750 enim
696 1713 763 1750 est
797 1721 874 1759 pes
920 1711 1136 1750 secundus
1177 1721 1282 1750 voce
1313 1710 1548 1759 spondaica
1575 1708 1782 1757 impletus
1812 1717 1953 1755 neque

134 1778 280 1816 media
310 1780 432 1827 parte
463 1779 700 1818 intercisus
714 1775 746 1817 k.

252 1844 483 1894 Dactylum
516 1848 663 1885 autem
696 1846 903 1894 quoniam
935 1845 1158 1894 flagitabat
1200 1856 1277 1895 pes
1294 1846 1462 1894 primus
1483 1845 1521 1883 si
1548 1846 1646 1893 post
1671 1853 1770 1883 eum
1798 1843 1953 1881 incide-

135 1912 261 1951 batur
303 1913 441 1952 oratio
454 1910 478 1962 ί,
522 1916 565 1952 et
601 1913 731 1952 huius
767 1923 920 1952 ve1sus
952 1923 1157 1952 numeros
1188 1923 1342 1961 parum
1375 1914 1524 1960 gratos
1554 1911 1740 1950 reddidit
1772 1910 1952 1949 verbum

136 1981 434 2019 contractum:

490 2047 647 2097 θάρσει,
681 2045 781 2096 μηδέ
812 2046 850 2085 τί
877 2061 939 2085 πω
972 2047 1174 2099 δεδυείσσεο
1205 2047 1302 2086 λαὸν
1333 2043 1534 2097 Ἀχαιῶν]’,

136 2113 208 2153 ubi
241 2116 368 2163 poeta
400 2114 573 2154 dixerat
602 2116 749 2163 θάρσεε
763 2112 793 2151 k.
825 2116 988 2164 Aperta
1018 2117 1164 2154 autem
1198 2117 1265 2154 est
1295 2125 1365 2154 res
1396 2115 1437 2153 in
1472 2114 1541 2152 his
1572 2112 1791 2152 versibus:

490 2183 632 2233 ταρβεῖ
657 2181 752 2221 οὐδὲ
783 2184 966 2233 φοβεῖται
981 2179 1002 2221 ἶ.

491 2250 640 2300 ζώγρει,
675 2248 827 2300 Ἀτρέοσ
859 2248 973 2288 viem.

490 2323 619 2366 νωμᾶι
650 2317 753 2356 ἔνθα
784 2316 850 2356 καὶ
877 2316 979 2355 ἔνθα
992 2325 1023 2354 ⁷1.

491 2390 624 2434 πειρᾶι
654 2384 710 2423 ὥσ
740 2399 783 2423 κε
818 2387 950 2434 Τρῶεσ
981 2384 1220 2434 ὑπερφίαλοι
1252 2381 1518 2421 ἀπόλωνταιθ.

491 2455 672 2501 μνᾶσθαι
703 2449 797 2490 οὐδὲ
826 2451 990 2490 νέεσθαι
1002 2459 1037 2489 P.

493 2525 669 2568 μνῶνται
700 2517 795 2558 οὐδέ
824 2534 859 2557 τι
890 2519 1004 2565 τόξον
1034 2516 1174 2564 ἐΰξοον
1205 2516 1441 2556 ἐντανύουσι
1455 2525 1486 2558 q.

258 2585 368 2624 Nam
415 2586 500 2625 nisi
544 2587 837 2626 restituuntur
884 2586 1115 2626 verborum
1161 2586 1328 2625 formae
1373 2595 1460 2624 non
1503 2586 1752 2624 contractae
1792 2582 1959 2634 ταρβέει,

253 2761 272 2780 α
306 2751 425 2781 Ionica
457 2749 539 2780 inde
563 2751 656 2780 aVIo
681 2750 723 2779 ad
747 2751 927 2780 minimum
952 2750 1091 2780 saeculo
1115 2751 1256 2780 fuerunt
1277 2753 1446 2788 αἱσυμνῶν,
1467 2746 1652 2789 ὶπᾶρὸἑσθω,
1676 2751 1839 2781 ἐπικαλεῖν,
1863 2751 1958 2784 ποιῆι,

141 2804 277 2839 similia,
312 2803 427 2840 qualia
460 2804 494 2832 in
529 2801 705 2840 lapidibus
736 2804 864 2842 scripta
897 2802 1122 2832 dehortantur
1155 2812 1198 2833 ne
1230 2803 1408 2833 codicibus
1437 2803 1566 2832 formae
1589 2802 1715 2840 opicae,
1735 2800 1857 2838 quales
1879 2802 1959 2830 sunt

142 2857 260 2886 καλέειν
283 2857 318 2886 et
340 2856 452 2893 ποιέηι,
473 2855 649 2885 Herodoto
670 2855 904 2885 tribuentibus
926 2855 1096 2885 habeatur
1118 2855 1215 2885 fides.
1370 2854 1386 2884 b
1422 2855 1505 2892 Pag.
1528 2855 1569 2883 50
1582 2863 1608 2883 e.
1783 2861 1799 2882 ο
1827 2854 1856 2881 A
1882 2853 1958 2882 639.

275 2907 298 2938 d
321 2911 348 2938 Β
372 2907 447 2937 224.
581 2917 598 2937 e
618 2908 672 2937 Sic
696 2906 927 2937 Aristarchus.
1061 2907 1084 2942 f
1101 2908 1184 2945 Peg.
1208 2909 1248 2937 46
1261 2916 1287 2938 c.
1428 2917 1449 2946 y
1477 2909 1517 2936 M
1542 2906 1617 2936 151.
1752 2903 1772 2934 k
1795 2905 1879 2943 Pag.
1905 2904 1958 2934 51.

277 2961 290 2991 i
323 2961 404 2997 Pag.
429 2961 482 2990 54.
628 2959 650 2999 j
683 2963 710 2989 Δ
738 2961 811 2990 184.
965 2959 985 2989 k
1018 2960 1106 2990 Item
1135 2962 1161 2991 Θ
1184 2961 1224 2990 39
1251 2962 1283 2989 Κ
1306 2960 1370 2989 383
1394 2962 1417 2989 Σ
1442 2960 1505 2989 463
1530 2959 1586 2994 aL,
1609 2958 1742 2998 ἄγρεεΛ
1764 2956 1839 2992 512,
1859 2957 1958 2988 ’nolae

144 3016 168 3043 Σ
190 3014 268 3050 482,
288 3013 412 3053 ’τάρβιε
435 3015 462 3042 Δ
488 3013 551 3042 388
576 3024 593 3050 η
618 3013 671 3050 51,
697 3012 804 3050 ἤσκειν
828 3014 859 3042 Γ
879 3013 954 3049 388,
980 3012 1078 3042 codd.
1100 3012 1196 3052 ἄγρει,
1219 3015 1308 3046 ποίει,
1333 3014 1450 3052 τάρβει,
1476 3011 1588 3049 ἤσκειν.
1622 3010 1677 3040 Sic
1698 3019 1799 3039 εποιεν
1817 3006 1960 3047 (ἐποίευν)

144 3074 223 3096 cum
246 3066 362 3096 littera
386 3078 401 3094 ν
424 3065 520 3094 finali
544 3065 646 3094 inser.
668 3064 741 3094 Ion.
765 3065 863 3095 5506.
998 3063 1012 3093 l
1033 3066 1126 3095 M46
1142 3067 1176 3094 Φ
1191 3064 1265 3094 575.
1400 3073 1426 3092 m
1452 3065 1578 3093 Z46A
1594 3063 1668 3093 131.
1804 3072 1824 3092 n
1848 3063 1958 3102 φ400.

278 3127 295 3148 ο
320 3121 355 3148 Φ
379 3119 455 3148 459.
585 3128 609 3157 p
633 3116 649 3151 ξ
673 3119 728 3147 91.
871 3126 925 3156 qq)
951 3115 1025 3147 326.

217 3191 290 3219 Van
308 3192 479 3221 Leeuwen.
497 3191 734 3220 Euchiridium.
1818 3190 1852 3217 21
