2234 3443
239 188 299 232 ‚46
1031 195 1084 223 DE
1117 195 1273 224 METRo.
1896 187 1933 233 [ἓ
1967 189 2004 235 2,
2041 189 2064 225 3

600 303 643 347 εὖ
676 308 827 360 ι[ῖειὸώσ
854 308 936 356 leg.
969 306 1013 346 ἐῢ
1029 316 1059 345 α.

598 375 844 425 Πατρόκλεισ
869 374 992 413 ἱππεῦ
1024 375 1106 422 leg.
1143 375 1393 426 Πατρόκλεεσ
1408 372 1434 413 ὂ.

591 440 685 492 ’κνῆ
717 441 837 492 τυρόν
871 442 953 490 leg.
980 438 1088 480 ’κνέε
1101 449 1127 478 ⁶.

598 506 693 548 εἶάσ’
718 507 875 559 ’Ἐκτωρ
908 509 989 557 leg.
1025 507 1133 547 εἴαεν
1146 506 1180 549 d.

597 576 728 626 δήμου
761 581 890 625 φῆμισ
921 576 1004 623 leg.
1040 575 1167 625 δάμοο
1183 583 1211 614 ⁶².

598 637 648 693 ἦν
680 642 800 684 ἅλσοσ
831 643 915 691 leg.
948 640 1053 681 E'svf.

600 710 751 761 Πείρεω
784 710 853 750 vel
887 710 1067 760 Πείρεωσ
1098 709 1189 749 υἱόν
1220 711 1303 759 leg.
1338 710 1560 762 Hapdovff.

597 791 715 835 τιμῆσ
747 784 826 824 ἐστι
856 785 937 833 leg.
969 766 1098 835 τίῖιοσ
1113 782 1145 825 ἦ.

598 856 769 891 vuizzeta
799 852 873 890 εἶσι
904 855 1022 892 recte
1054 853 1137 893 La.
1172 849 1423 903 νκλ(ε)ίτιδεσ
1437 851 1461 893 ἱ.

358 923 406 960 In
430 919 796 970 'inscriptionibus
827 921 1002 968 quidem
1035 921 1241 970 leguntur
1272 921 1577 961 huiuscemodi
1609 932 1787 960 versus:

593 985 640 1027 ὅσ
671 988 817 1027 ἔσωσεν
850 989 1079 1038 Ἀθηναίων
1110 991 1216 1040 τρεῖσ
1248 985 1421 1038 evadas.

594 1054 656 1094 ἐπὶ
688 1055 861 1106 γούνασι
891 1054 1044 1106 πατρὸσ
1074 1056 1242 1107 μάρψασ
1255 1053 1285 1093 k.

597 1122 639 1161 ἐκ
675 1122 883 1172 Βοσπόρου
915 1117 1043 1173 ἦλθεν
1074 1123 1239 1173 κάμνων
1255 1120 1277 1161 ².

239 1190 321 1228 Sed
346 1190 455 1230 nihil
481 1190 629 1229 taliam
662 1190 846 1240 probant
872 1190 958 1229 nisi
986 1200 1114 1229 aures
1141 1200 1226 1229 non
1253 1190 1392 1229 fuisse
1419 1190 1473 1229 iis
1500 1191 1573 1239 qui
1589 1190 1761 1239 ligneos
1779 1201 1936 1230 versus
1954 1201 2065 1230 com-

237 1260 477 1305 posuerunt
504 1259 579 1297 aut
608 1269 629 1296 e
657 1257 782 1296 bonis
809 1257 995 1296 aliorum
1024 1256 1224 1296 versibus
1249 1257 1470 1305 fecerunt;
1498 1267 1601 1296 nam
1625 1258 1669 1296 in
1687 1257 2068 1305 quadratariorum

239 1325 453 1374 exemplis
495 1326 660 1374 scripta
700 1325 901 1364 fuerunt:
946 1324 1114 1374 μάρψασ
1156 1322 1219 1362 ἐπὶ
1260 1324 1430 1375 γούνασι
1470 1323 1623 1375 πατρόσ
1663 1327 1729 1364 et:
1771 1323 1813 1363 ἐκ
1855 1325 2067 1375 Βοσπόρου

238 1390 366 1442 ἤλυθε
397 1392 562 1442 κάμνων
575 1400 606 1430 ⁷².
635 1391 905 1441 Quapropter
932 1402 1126 1442 versum,
1155 1392 1228 1440 qui
1253 1392 1521 1431 Antimacho
1547 1391 1811 1441 Colophonio
1839 1392 2067 1432 tribuitur:

582 1457 695 1498 Ἴδεώ
727 1455 767 1497 θ’
802 1456 849 1497 ὃσ
879 1459 1090 1510 κάρτιστοσ
1120 1457 1368 1510 ἐπιχθονίων
1398 1453 1451 1510 ἦν
1483 1457 1676 1510 ἀνδρῶνθ

236 1538 389 1568 revera
435 1528 573 1567 talem
620 1527 673 1566 ab
715 1537 764 1566 eo
806 1527 1027 1576 prolatum
1070 1537 1179 1575 esse,
1224 1527 1389 1566 creditu
1433 1529 1500 1566 est
1531 1527 1717 1577 difficile,
1750 1528 1957 1576 quoniam
1991 1530 2068 1567 aut

235 1594 297 1634 ἕεν
324 1597 494 1644 poterat
521 1595 661 1635 dicere
688 1597 762 1634 aut
785 1590 940 1646 ’ys'vst',
959 1595 1074 1642 quod
1093 1597 1218 1634 extat
1233 1595 1277 1634 in
1295 1595 1475 1634 Homeri
1493 1605 1622 1635 versu
1638 1605 1768 1643 quem
1786 1595 2066 1644 repetebat2>;

235 1662 343 1703 fides
389 1665 539 1702 autem
582 1662 782 1702 habenda
822 1672 908 1702 non
952 1662 1124 1702 videtur
1165 1662 1439 1711 Lycophroni
1470 1662 1718 1711 perhibenti
1748 1663 2067 1702 Antimachum

237 1730 419 1770 consulto
459 1731 522 1769 sic
563 1731 762 1769 mutasse
804 1729 937 1778 prisci
980 1717 1132 1778 poetae
1175 1739 1368 1779 versum,
1416 1727 1501 1779 ,ὥσ
1541 1729 1608 1768 διὰ
1649 1730 1798 1781 ταύτησ
1839 1735 1911 1781 τῆσ
1953 1744 2068 1780 μετα-

240 1796 421 1847 ηθέσεωσ
453 1795 737 1848 ἕστηριγμένου
768 1802 839 1835 τοῦ
871 1797 1048 1847 στίχου”.

355 1865 566 1915 Quicquid
598 1864 641 1903 id
673 1867 755 1913 est,
791 1886 843 1892 —
878 1874 965 1903 non
998 1865 1116 1903 enim
1149 1864 1251 1913 quid
1278 1864 1543 1904 Antimacho
1562 1865 1718 1904 aliisve
1734 1865 1850 1905 inter
1867 1867 2068 1914 posteros

235 1933 448 1982 placuerit
507 1942 624 1971 nunc
677 1941 899 1979 rogamus,
948 1932 1022 1970 sed
1072 1931 1175 1979 quid
1222 1931 1431 1980 Homero,
1481 1955 1533 1960 —
1582 1932 1786 1981 dactylus
1832 1934 2066 1981 postquam

234 2001 469 2040 restitutus
510 2001 577 2038 est
618 1999 662 2037 in
705 1999 812 2047 pede
843 1998 1114 2047 paenultimo
1147 2009 1356 2038 versuum
1388 1999 1518 2038 modo
1551 1999 1800 2049 allatorum,
1835 2000 1918 2039 has
1949 1999 2067 2039 solas

231 2067 379 2115 poesis
405 2069 582 2106 vetusta
609 2067 739 2105 habet
756 2066 977 2106 clausulas
994 2067 1256 2115 spondaicas
1273 2067 1316 2105 in
1335 2076 1491 2106 vocem
1509 2066 1773 2115 disyllabam
1790 2068 2064 2107 desinentes:

234 2136 304 2183 κρῖ
330 2133 471 2173 λευκόν
484 2142 514 2184 q,
541 2131 603 2172 λὶσ
628 2132 795 2183 πέτρην,
826 2136 933 2185 σχεῖν
965 2134 1143 2184 θυμόνδ,
1174 2132 1295 2184 ἄμφω
1321 2134 1462 2172 κοίλκσ
1477 2134 1500 2172 ⁶.
1530 2134 1722 2184 Quarum
1750 2134 1934 2174 ultimae
1956 2135 2067 2174 duae

233 2203 310 2240 aut
350 2211 436 2240 non
477 2201 690 2240 debentur
721 2203 875 2250 poetae
907 2203 1082 2240 vetusto
1114 2202 1189 2240 aut
1220 2211 1306 2240 non
1337 2200 1450 2240 tales
1481 2202 1687 2250 primitus
1718 2203 1822 2241 sunt
1855 2201 2064 2251 prolatae,

232 2271 302 2318 κρῖ
341 2268 484 2307 λευκόν
530 2271 680 2307 autem
728 2271 770 2307 et
817 2267 880 2306 λὶσ
925 2267 1050 2319 πέτρκ
1097 2268 1374 2317 singulorum
1422 2269 1737 2308 vocabulorum
1786 2269 2066 2308 habebantur

234 2337 419 2375 instaru.
451 2336 572 2375 Idem
605 2335 839 2375 dicendum
872 2337 941 2375 est
973 2336 1024 2375 de
1056 2335 1279 2375 locutione
1311 2331 1399 2374 οὐδ’
1435 2329 1474 2386 ἦ.
1493 2335 1612 2386 βαιόν
1644 2335 1715 2375 vel
1746 2336 1850 2375 -ociv.

352 2458 380 2516 ξ
438 2460 480 2506 3.
537 2461 631 2501 Non
688 2462 773 2501 nisi
831 2472 1066 2501 mensurae
1124 2461 1398 2510 syllabarum
1455 2461 1607 2500 habita
1652 2462 1836 2511 ratione,
1884 2462 2066 2501 schema

235 2530 486 2569 hexametri
520 2530 601 2568 hoc
633 2530 724 2567 est:

324 2679 343 2699 a
369 2672 395 2698 Β
422 2669 484 2699 718
511 2668 567 2703 al„
591 2666 606 2706 ξ
635 2668 686 2697 75.
823 2666 839 2696 b
866 2671 901 2697 Π
924 2668 965 2698 20
991 2668 1046 2704 al.,
1072 2667 1088 2705 ξ
1117 2668 1168 2698 73.
1303 2677 1319 2698 c
1342 2669 1371 2696 A
1397 2667 1473 2704 689,
1499 2667 1517 2705 ξ
1544 2667 1620 2697 195.
1757 2665 1780 2696 d
1802 2668 1834 2696 K
1857 2667 1938 2702 299;
1965 2666 2064 2696 codd.

234 2723 391 2760 plerlque
413 2723 514 2751 εἴασεν
534 2719 618 2750 vitio
639 2720 832 2750 manifesto.
968 2730 984 2750 e
1007 2720 1022 2755 ξ
1042 2721 1118 2756 239,
1139 2720 1158 2759 ἓ
1173 2721 1226 2750 59.
1372 2719 1395 2757 f
1413 2732 1429 2760 ρ
1453 2721 1529 2757 208,
1550 2720 1570 2759 ξ
1584 2721 1661 2750 302.
1792 2729 1814 2759 q
1842 2720 1956 2756 1484,
1977 2718 2063 2757 §62

237 2776 267 2813 8,
292 2775 344 2804 76.
503 2772 523 2803 lt
548 2785 564 2803 κ
591 2774 646 2808 38,
671 2773 688 2810 §
714 2774 767 2803 69.
967 2772 979 2802 z'
1004 2773 1106 2803 ⁷1:317
1133 2784 1149 2802 τ
1175 2774 1239 2803 498
1264 2785 1286 2811 χ
1312 2774 1388 2809 418,
1414 2773 1430 2809 ἓ
1457 2773 1510 2803 73.
1669 2771 1690 2811 j
1713 2772 1803 2802 Anni
1826 2772 1891 2801 394
1917 2781 1946 2801 a.
1974 2771 2066 2809 chr„

235 2826 358 2856 Kaibel
383 2827 500 2864 Epigr.
525 2824 595 2856 26⁵.
731 2824 751 2853 lc
775 2824 863 2854 Ibid.
890 2825 943 2854 89.
1091 2824 1104 2853 l
1124 2825 1292 2863 Epidanr.
1316 2822 1444 2854 334252.
1593 2834 1621 2854 m
1644 2824 1672 2854 E
1693 2833 1769 2854 sera
1790 2824 1887 2863 poesi
1907 2825 2065 2862 exempla

235 2880 411 2916 congessit
438 2878 582 2915 Hilberg
607 2876 876 2914 Silbenwagung
903 2878 942 2906 14
968 2885 1043 2914 sqq.
1182 2887 1201 2906 n
1226 2877 1281 2907 Sic
1305 2876 1340 2906 in
1365 2877 1532 2907 Eresione
1557 2877 1708 2906 carmine
1722 2879 1860 2906 vetusto
1883 2885 2064 2915 perperam

236 2935 370 2972 κυρβαιή
395 2932 425 2960 δ’
450 2932 509 2960 αἰεὶ
537 2931 617 2960 κατὰ
642 2930 804 2970 καρδόπου
829 2932 916 2969 ἕρποι
940 2931 1022 2966 μᾶζα
1047 2931 1099 2959 est
1123 2929 1289 2960 traditum
1315 2938 1376 2968 pro
1400 2931 1482 2966 μᾶζα
1506 2929 1539 2959 δὲ
1563 2931 1696 2969 κυρβαίη
1719 2930 1776 2958 αἰεὶ
1796 2929 1876 2958 κατὰ
1901 2928 2064 2969 καρδόπου

235 2987 333 3025 ἴρηοι.
511 2993 528 3013 0
553 2982 751 3013 Antimaohi
776 2987 815 3012 fr.
843 2984 883 3012 34
908 2982 1045 3013 Duebn.
1222 2994 1246 3022 p
1271 2987 1286 3012 1
1312 2984 1387 3013 558.
1569 2992 1587 3021 q
1613 2983 1676 3012 604
1706 2982 1738 3011 h.
1765 2981 1839 3012 Cer.
1865 2982 1941 3017 453,
1965 2981 1982 3019 ξ
2009 2982 2061 3011 84.

370 3047 385 3065 r
408 3049 428 3073 μ
455 3038 507 3066 64.
642 3046 657 3065 s
678 3036 718 3065 Η.
745 3036 819 3065 Cer.
846 3036 922 3065 204.
1061 3037 1072 3064 t
1097 3036 1198 3074 Cypr.
1220 3036 1261 3065 fr.
1285 3033 1330 3065 9⁵.
1465 3045 1485 3064 u
1509 3035 1652 3064 Penitus
1671 3035 1777 3072 igitur
1797 3035 2061 3069 concreverant3

234 3098 303 3119 uno
323 3092 436 3119 autem
459 3091 604 3118 accentu
622 3091 764 3118 ornatae
786 3088 893 3117 fuisse
905 3086 1079 3124 videntur,
1099 3090 1137 3118 ut
1155 3086 1316 3124 εοείΙιοιὶί,
1335 3085 1562 3122 Schwa‘rxbrol,
1575 3085 1714 3116 similia.
1851 3095 1866 3115 v
1881 3088 1908 3115 B
1923 3086 1986 3115 380
2002 3086 2062 3121 al.;

236 3142 304 3172 οὐδ’
335 3143 444 3180 ἠβαιόν
468 3141 542 3179 (-αι’)
567 3141 788 3170 scribendum
814 3149 880 3170 non
906 3140 1054 3170 videtur.
