2234 3443
156 236 184 280 ’ἓ
217 236 287 280 40]
913 245 967 274 nn
999 245 1219 274 conserus.
1896 242 1915 278 1
1925 241 1978 278 29

275 360 387 407 Ergo
419 359 536 398 iusta
567 369 652 398 non
685 338 916 399 est‘causa
947 360 999 399 ob
1033 370 1161 408 quam
1195 370 1328 400 sonus
1354 364 1553 413 fpoetae
1570 363 1720 402 Iliadis
1738 365 1806 403 vel
1824 368 1977 414 poetae

157 428 380 475 Odysseae
407 427 653 475 den-egetur.
677 427 770 466 Non
796 429 945 466 tamen
974 427 1107 466 nimis
1134 427 1256 476 larga
1283 438 1417 468 manu
1444 430 1618 478 signum
1636 446 1666 483 f
1684 432 1752 470 his
1777 433 1973 472 carmini·

157 495 238 534 bus
271 497 336 533 est
368 494 706 543 appingendum‚
735 494 811 533 sed
836 494 890 532 iis
918 495 1091 533 tantum
1111 495 1289 534 vocibus
1316 496 1472 543 quibus
1499 497 1598 536 addi
1621 498 1771 537 sinunt
1788 501 1974 539 numeri.

155 562 339 610 Saepius
371 561 546 609 quidem
578 561 843 609 perhibitum
877 563 944 599 est
974 571 1131 600 sonum
1158 577 1188 614 f
1215 563 1259 601 in
1293 563 1494 603 versibus
1521 574 1596 613 pro
1634 576 1679 604 re
1706 567 1811 604 nata
1846 568 1974 607 modo

156 631 251 668 vice
291 639 509 668 consonae
549 628 762 677 functum,
806 629 935 668 modo
977 639 1052 677 pro
1093 629 1228 668 nihilo
1262 630 1460 669 habitum
1494 640 1636 681 essea‚
1670 633 1747 671 sed
1785 634 1875 673 veri
1907 637 1975 673 est

148 695 499 735 dissimillimum
533 706 557 734 a
589 696 729 744 poetis
761 696 895 744 epicis
920 706 1019 735 eum
1047 706 1218 744 sonum,
1248 698 1370 736 cuius
1401 700 1525 737 tanta
1550 699 1592 738 in
1611 700 1806 747 ipsorum
1824 701 1973 750 lingua

146 764 270 802 esset
311 764 378 801 vis
421 764 468 801 ut
510 763 706 802 vocalem
749 763 925 802 brevem
967 763 1010 801 in
1043 763 1130 801 arsi
1163 764 1231 802 vel
1265 764 1386 803 solus
1418 768 1569 813 posset
1599 766 1892 818 sustentareb,
1927 770 1970 808 in

149 830 267 869 thesi
313 840 626 878 nonnunquam
674 840 854 878 prorsus
899 840 995 869 esse
1043 831 1304 879 neglectum.
1353 832 1464 871 Nam
1517 834 1624 873 talia
1675 835 1968 887 hemistichia,

143 897 294 945 qualia
337 897 500 936 forent:
545 891 588 935 εὖ
632 894 667 934 δ’
713 893 874 948 folnad’
912 896 1072 934 ἱκέσθαι
1105 900 1169 936 et:
1204 897 1250 936 ὅσ
1281 910 1342 936 τισ
1375 898 1495 938 σέθεν
1528 899 1666 940 ἀντίον
1696 903 1851 955 Ᾰῑείπηι,
1883 916 1968 944 non

147 967 252 1003 sunt
299 965 565 1009 conferenda,
605 975 703 1003 cum
751 965 805 1003 iis
844 964 1057 1013 versibus,
1100 966 1144 1004 in
1187 966 1344 1013 quibus
1387 967 1532 1006 brevis
1574 970 1739 1009 vocalis
1785 974 1967 1020 cogente

147 1033 287 1071 metro
335 1035 435 1071 ante
482 1042 640 1071 nomen
690 1025 908 1070 Ζάκυνθοσ
945 1043 1029 1071 non
1064 1036 1130 1071 est
1163 1034 1400 1082 producta⁶
1433 1036 1502 1074 vel
1534 1038 1726 1077 nominis
1758 1038 1968 1087 Ἀφροδίτη

145 1101 288 1149 prima
335 1099 503 1147 syllaba
552 1100 696 1138 brevis
743 1101 810 1138 est
858 1097 1051 1139 habitad.
1099 1101 1142 1139 Si
1180 1111 1265 1140 non
1304 1102 1387 1141 nisi
1420 1113 1657 1151 paucarum
1692 1109 1965 1154 quarundam

145 1177 304 1206 vocum
361 1167 543 1205 initialis
588 1177 723 1205 sonus
768 1182 798 1218 f
845 1177 1157 1215 nonnunquam
1206 1172 1324 1208 esset
1370 1170 1611 1220 neglectus,
1661 1173 1775 1213 haud
1838 1176 1965 1216 inviti

142 1235 419 1274 crederemus
451 1244 526 1273 eas
558 1244 686 1273 voces
719 1244 826 1273 aevo
858 1237 1086 1283 poetarum
1119 1236 1162 1273 in
1195 1237 1363 1284 poetica
1396 1240 1511 1277 certe
1543 1240 1730 1279 dictione
1757 1242 1964 1283 biformes

142 1302 280 1340 fuisse
293 1309 320 1350 e,
355 1304 404 1340 ut
435 1301 645 1351 (γ)δοῦπον
679 1301 747 1340 vel
780 1300 1066 1349 (6)nlclvaracf;
1101 1304 1176 1342 sed
1209 1314 1293 1342 non
1327 1305 1388 1343 sic
1421 1305 1552 1345 habet
1585 1309 1783 1355 quaestio
1816 1311 1962 1358 inqua

143 1379 384 1417 versamur,
418 1379 520 1408 nam
554 1370 680 1408 modo
713 1369 755 1408 in
790 1370 882 1418 hac,
918 1371 1047 1409 modo
1080 1371 1123 1409 in
1155 1371 1230 1410 illa
1262 1373 1413 1411 traditi
1445 1376 1597 1413 textus
1629 1386 1734 1415 voce
1766 1388 1900 1417 sonus
1930 1396 1961 1432 J:

137 1445 226 1476 non
275 1437 524 1475 admittitur
568 1438 724 1477 metro.
773 1436 871 1475 Una
917 1440 960 1476 et
1001 1438 1140 1477 altera
1181 1450 1267 1478 vox
1310 1451 1546 1480 consonam
1578 1458 1607 1495 f
1639 1454 1747 1483 aevo
1781 1446 1961 1503 Homeri

137 1503 422 1543 vacillantem
468 1504 657 1543 fortasse
703 1503 903 1553 habebat,
951 1515 1018 1544 ex,
1067 1517 1130 1554 gr.
1177 1507 1404 1558 (fizdpa‘mff,
1450 1510 1526 1548 sed
1575 1505 1664 1548 οῖὸα
1712 1522 1788 1560 pro
1835 1515 1959 1566 folda

138 1571 319 1619 dictum,
368 1570 413 1608 ὅσ
458 1581 534 1619 pro
585 1571 677 1623 fdc,
723 1569 822 1618 ἅναξ
869 1582 945 1620 pro
990 1574 1137 1624 ράιιαξ,
1179 1573 1274 1612 §noe
1314 1586 1388 1623 pro
1430 1575 1573 1628 fs'noc,
1605 1581 1723 1618 certa
1757 1581 1959 1623 videntur

138 1637 298 1677 indicia
335 1640 487 1677 textus
529 1640 695 1687 vitiati;
739 1641 780 1678 et
818 1639 921 1679 licet
952 1641 1236 1681 abstinendae
1269 1643 1320 1681 ab
1353 1644 1604 1683 huiusmodi
1637 1648 1836 1687 versibus
1869 1652 1959 1692 sint

131 1715 296 1744 manus
338 1706 422 1744 nisi
462 1709 667 1755 suppetat
698 1709 946 1747 emendatio
979 1709 1091 1747 lenis
1124 1712 1167 1748 et
1193 1710 1443 1760 probabilis,
1462 1715 1714 1753 nontamen
1733 1717 1941 1764 prudenti

133 1775 206 1812 est
238 1774 378 1812 critici
410 1775 505 1813 sine
536 1775 626 1814 ulla
657 1776 928 1815 dubitatione
959 1780 1210 1826 praeterire.

212 1874 215 1878 ,
255 1839 509 1890 Complures
565 1846 713 1882 autem
771 1854 900 1883 voces
941 1845 1065 1893 signo
1111 1861 1141 1898 J:
1188 1857 1263 1894 per
1309 1849 1447 1887 totam
1496 1849 1678 1889 Iliadem
1727 1854 1771 1891 et
1812 1856 1956 1910 *totam

130 1906 378 1955 -Odysseam
417 1910 561 1948 ornari
586 1913 771 1958 possunt
798 1912 891 1951 sine
918 1912 1007 1951 ulla
1039 1916 1114 1952 aut
1136 1925 1273 1962 paene
1300 1916 1422 1954 nulla
1448 1917 1633 1957 viciniae
1652 1919 1952 1964 mutationeh:

219 2099 240 2119 a
263 2088 429 2119 Priscian.
465 2089 481 2119 I
519 2091 576 2119 22:
615 2091 811 2129 „digamma
846 2093 968 2122 Arolos
997 2095 1050 2123 est
1079 2094 1216 2132 quando
1240 2094 1275 2125 in
1300 2096 1420 2126 metris
1443 2107 1505 2136 pro
1529 2100 1638 2131 nihilo
1662 2103 1890 2145 accipiebant,
1914 2110 1956 2138 ut

128 2141 258 2178 „aaaron
279 2141 310 2171 δ’
336 2144 492 2181 χειρήναν,
515 2143 548 2172 τὸ
570 2143 603 2172 δὲ
623 2144 678 2184 τὰρ
700 2145 777 2173 ,θέτο
796 2150 884 2181 μῶσα
908 2149 1013 2182 λίγεια.
1037 2146 1099 2175 Est
1120 2147 1211 2177 enim
1237 2148 1474 2180 hexametrum
1501 2152 1712 2184 heroicum''.
1739 2154 1951 2190 Priscianum

127 2192 241 2224 secuti
272 2198 353 2224 sunt
382 2193 543 2233 Bentley:
577 2198 631 2235 „A
665 2199 703 2226 19
736 2196 904 2235 Dwoikad,
935 2201 972 2228 ut
1003 2199 1137 2236 anglice
1170 2199 1306 2235 Dwell’',
1337 2203 1466 2241 Heyne,
1498 2205 1638 2244 Knight,
1672 2217 1724 2238 ex.
1755 2219 1804 2247 gr.
1830 2212 1862 2242 Ω
1887 2215 1952 2245 449

126 2249 260 2284 ποίησαν
282 2249 430 2285 feirant,
455 2248 544 2277 Kidd
567 2249 601 2278 in
624 2250 770 2280 Dawesii
795 2249 956 2281 Msiscell⁴
983 2253 1056 2286 199,
1082 2253 1257 2283 Hermann
1286 2255 1328 2284 ad
1353 2256 1386 2285 h.
1412 2256 1494 2286 Ven.
1521 2260 1575 2296 86,
1600 2260 1784 2292 Hoffmann
1810 2262 1952 2304 Quaest.

129 2296 231 2328 Hom.
255 2298 289 2328 11
314 2300 354 2329 69
388 2302 422 2330 et
447 2301 522 2338 182,
546 2301 687 2331 vHartel
711 2303 809 2332 Hom.
834 2303 930 2333 Stud.
951 2304 1003 2333 III
1028 2305 1067 2334 51
1094 2314 1180 2342 sqq„
1206 2307 1363 2337 Solmsen
1387 2309 1521 2340 Unters.
1546 2321 1574 2341 z.
1598 2313 1702 2343 Laut·
1723 2317 1952 2351 u.Verslehre

124 2351 193 2380 ’129
219 2359 307 2388 sqq.,
331 2352 471 2382 Bechtel
509 2354 829 2385 Vocalcontraetion
852 2356 910 2392 IX,
934 2357 1048 2386 verbis
1070 2359 1253 2388 manifeste
1278 2362 1450 2400 corruptis
1474 2364 1577 2395 fidem
1602 2359 1771 2398 habentes
1796 2371 1950 2410 scilicet3

125 2411 206 2432 nam
231 2403 263 2432 δὲ
287 2406 343 2444 τὰρ
370 2407 422 2434 est
444 2405 555 2442 nihili,
578 2407 652 2436 voci
672 2410 787 2438 autem
811 2410 924 2448 εἰρήνηι
949 2408 1123 2447 digamma
1148 2413 1376 2449 praemissum
1404 2415 1510 2446 fuisse
1535 2418 1672 2449 aliunde
1697 2430 1763 2451 non
1789 2423 1949 2456 efficitur.

127 2455 262 2485 Erroris
298 2465 402 2486 causa
437 2458 543 2489 fuisse
578 2460 713 2490 videtur
747 2460 845 2491 elisio
880 2462 995 2500 prisco
1029 2471 1122 2492 more
1156 2464 1190 2493 in
1225 2467 1321 2495 textu
1353 2475 1420 2496 non
1450 2467 1602 2500 indicata
1626 2472 1949 2510 (AEEIPHNAN—

122 2506 418 2546 AFEIPHNAN),
454 2519 572 2541 versus
609 2515 724 2543 autem
759 2515 808 2543 sic
843 2515 989 2544 fortasse
1024 2518 1076 2544 est
1110 2516 1294 2553 legendus:
1325 2519 1430 2555 ἄμμεσ
1458 2522 1488 2550 δ’
1517 2524 1647 2562 εἰρήναν
1673 2526 1743 2555 τόδε
1776 2529 1834 2569 γὰρ
1856 2530 1949 2561 ’θέτο

127 2565 217 2594 μῶσα
235 2564 332 2598 λίγεια
351 2561 542 2601 (cantabunt
559 2564 621 2594 alii
639 2565 747 2602 bellem
767 2576 824 2596 nos
844 2576 1040 2607 veropacem,
1054 2567 1110 2597 hoc
1122 2569 1204 2598 enim
1218 2580 1307 2600 musa
1320 2570 1421 2603 dedit.
1561 2576 1577 2605 b
1600 2577 1618 2615 ξ
1635 2578 1686 2608 26.
1823 2591 1839 2611 c
1862 2583 1879 2618 ξ
1895 2584 1947 2614 28.

281 2613 302 2643 d
326 2613 341 2651 ‚S
367 2615 418 2644 25.
575 2627 591 2647 e
614 2618 780 2649 Ludwich
805 2619 908 2650 Arist.
932 2620 966 2649 11
990 2621 1052 2650 274
1078 2631 1165 2660 sqq.,
1190 2623 1309 2654 Monro
1332 2626 1431 2657 Hom.
1460 2627 1641 2659 Grammar
1671 2629 1686 2669 ,S
1708 2633 1785 2670 400,
1810 2633 1948 2666 vChrist

120 2665 215 2695 Ptol.
240 2666 278 2695 Il.
308 2668 367 2696 158
391 2676 467 2705 sqq.
601 2671 623 2705 f
641 2671 657 2708 ξ
674 2673 724 2701 45.
855 2683 875 2712 9
902 2673 974 2712 §41
1000 2683 1027 2706 s.
1051 2683 1081 2704 v.
1217 2675 1237 2705 Ιι
1261 2677 1487 2710 Mutationem
1518 2690 1585 2711 non
1620 2681 1769 2715 dicimus
1795 2687 1946 2718 litteram

124 2718 288 2748 mobilem
324 2720 356 2749 in
392 2721 460 2750 fine
495 2723 588 2752 vocis
621 2725 745 2761 prioris
779 2725 939 2756 deletam.
971 2727 1054 2757 Nam
1089 2728 1180 2765 quod
1209 2729 1374 2761 Ludwich
1399 2733 1502 2763 Arist.
1526 2734 1561 2763 ΙΙ
1587 2736 1650 2766 278
1679 2737 1835 2776 scripsit:
1861 2741 1947 2776 „das

121 2772 397 2809 „paragogische
428 2785 444 2801 ν
479 2774 632 2805 verblieb
663 2776 723 2806 der
752 2777 993 2814 griechischen
1017 2780 1169 2817 Sprache
1192 2783 1293 2819 noch,
1317 2784 1367 2813 als
1392 2784 1454 2814 das
1476 2786 1660 2823 Digamma
1685 2788 1801 2828 langst
1826 2795 1943 2823 unter-

120 2831 326 2861 „gegangen
355 2834 438 2856 war:
470 2827 611 2863 folglich
638 2837 733 2858 muss
765 2830 879 2860 dieses
903 2840 968 2860 von
992 2841 1076 2862 vern
1100 2833 1218 2864 herein
1241 2835 1446 2874 kraftigerer
1472 2838 1580 2869 Natur
1605 2849 1765 2878 gewesen
1792 2845 1868 2874 sein
1894 2846 1945 2876 als

122 2874 275 2912 „jenes”,
298 2885 419 2914 parum
445 2881 525 2916 apte
548 2880 596 2910 sic
619 2881 709 2910 inter
732 2890 769 2911 se
792 2888 1036 2921 comparantur
1058 2884 1134 2915 soni
1157 2885 1395 2928 dissimillimi,
1416 2898 1561 2926 quorum
1583 2892 1728 2923 alterius
1750 2895 1943 2929 dominium

121 2928 247 2957 sensim
281 2930 459 2967 analogiae
484 2931 748 2970 euphoniaeque
775 2935 890 2965 studio
915 2940 1053 2966 auctum
1079 2941 1113 2967 et
1135 2948 1212 2969 sero
1237 2940 1375 2971 demum
1403 2942 1508 2972 certis
1532 2944 1659 2975 finibus
1683 2947 1855 2979 inclusum
1881 2954 1944 2987 est,

118 2987 200 3017 pag.
223 2982 285 3010 106
296 2991 327 3019 q,
348 2983 433 3013 alter
452 2984 537 3021 ipsis
555 2984 723 3023 stirpibus
741 2987 924 3018 verborum
945 2989 1025 3019 inde
1046 2990 1087 3020 ab
1108 2991 1242 3029 origine
1263 2993 1431 3031 adhaesit,
1452 2996 1618 3033 paulatim
1645 3001 1759 3029 autem
1784 3010 1801 3030 e
1823 3002 1941 3040 lingua

121 3031 254 3062 Graeca
288 3036 438 3066 evanuit.
472 3035 578 3067 Robur
611 3041 724 3068 autem
761 3041 925 3071 utriusvis
957 3044 1032 3072 soni
1064 3060 1104 3066 —
1130 3046 1158 3074 si
1182 3045 1224 3074 de
1248 3047 1382 3083 robore,
1406 3057 1473 3078 non
1498 3049 1540 3078 de
1568 3050 1652 3085 iure,
1679 3052 1864 3089 inquiritur
1888 3055 1942 3084 vel

116 3082 185 3120 iun,
215 3088 253 3115 ut
282 3087 538 3125 Thrasymacho
565 3090 628 3127 illi,
660 3092 798 3122 videtur
821 3094 855 3123 τὸ
881 3099 935 3124 τοῦ
959 3099 1137 3134 κρείττονοσ
1161 3097 1317 3139 ξυμφέρον
1342 3116 1388 3121 -—
1411 3102 1459 3130 sic
1483 3110 1550 3131 non
1574 3105 1815 3141 cognoscitur-3
1846 3110 1880 3136 et
1906 3108 1941 3137 in

118 3135 218 3173 epica
242 3142 334 3168 certe
359 3140 508 3171 dictione
532 3143 636 3173 robur
659 3145 734 3174 soni
756 3156 786 3174 -ν
811 3146 923 3177 finalis
947 3149 1171 3187 perexiguum
1194 3151 1302 3182 fuisse
1323 3152 1448 3182 docent
1471 3154 1576 3193 σφ’(ι),
1599 3155 1793 3197 χείρεσσ’(ι),
1810 3158 1940 3189 similia

115 3193 183 3223 pro
208 3199 279 3227 σφιν
304 3192 358 3221 vel
381 3196 539 3234 χείρεσσιν
565 3195 666 3226 dicta.

192 3244 266 3274 Van
285 3247 456 3281 Leeuwen.
477 3249 715 3283 Euchiridium.
1820 3269 1838 3295 9
