2234 3443
138 225 162 270 ς
198 223 296 268 191]
622 217 625 219 ’
758 231 811 259 DE
843 229 1067 259 srmmnns
1104 229 1150 257 m
1182 229 1218 267 ᾶ,
1248 232 1287 267 η,
1319 232 1360 255 ω.
1866 216 1947 255 327

135 346 235 385 Mox
277 355 379 385 vero
424 346 627 385 Ahrensa
673 354 748 384 eas
793 344 923 392 solas,
971 352 1153 391 quarum
1196 342 1398 390 posterior
1444 340 1611 380 vocalis
1656 341 1828 378 mutata
1869 341 1949 387 est,

135 413 430 452 emendandas
471 423 568 452 esse
600 411 871 460 autumabat,
905 409 1158 458 improbans
1188 408 1321 457 igitur
1353 407 1535 446 verbum
1568 404 1682 455 ὁράᾱι
1714 406 1782 445 vel
1815 403 1952 454 ὅρασιν,

133 479 211 518 sed
262 490 398 528 aequo
449 481 595 519 animo
646 479 790 518 ferens
841 475 942 527 ὁρόω
989 479 1031 516 et
1077 474 1272 526 ὁρόωσαν.
1320 475 1513 514 Eandem
1562 475 1680 513 viam
1728 473 1951 521 Goettling

132 547 245 586 iniit.
285 546 393 586 Dein
436 547 569 586 etiam
610 546 694 585 Leo
737 546 881 594 Meyer
922 544 1139 593 perhibuit
1176 543 1292 582 haud
1325 542 1537 581 absurdas
1570 551 1666 580 esse
1698 541 1842 589 epicas
1875 550 1950 578 eas

132 613 299 653 formas
344 624 454 662 quae
501 613 687 653 absurdo
729 623 835 651 sane
877 612 1054 651 nomine
1095 611 1316 650 distractae
1345 611 1570 658 vocentur,
1612 608 1790 647 brevem
1834 607 1950 646 enim

133 690 292 720 sonum
324 681 452 729 longo
482 681 625 720 vicino
657 680 956 719 assimulatum
988 678 1187 718 effecisse
1222 678 1393 725 epicum
1422 675 1604 715 verbum
1641 672 1758 725 ὁρόω,
1785 675 1950 712 inversa

133 750 282 786 autem
324 748 636 788 assimulatione
676 757 731 786 ex
774 744 908 796 ὁράεισ
950 747 994 785 et
1025 743 1132 794 ὅράει
1165 746 1272 783 nata
1303 754 1402 783 esse
1434 740 1575 792 ὁράαισ
1608 744 1651 781 et
1683 739 1812 790 ὁράαι,
1841 751 1950 789 quae

133 825 235 854 vero
276 814 369 854 fieri
410 816 472 854 sic
512 825 598 854 non
639 815 875 863 potuerunt
908 811 1066 863 ὁρόωσι,
1097 809 1304 861 ὅρόωνται,
1336 808 1505 861 ὁρόωσα,
1541 820 1592 849 ea
1623 810 1716 849 sola
1748 811 1950 857 corrupta

131 891 242 931 esse,
275 883 449 931 poetam
484 883 601 922 enim
635 882 799 920 dixisse
832 879 1008 930 ὁρόουσι,
1035 877 1234 928 ὃρόονται,
1260 876 1434 927 ὁρόουσα
1448 875 1475 914 b.
1503 877 1585 917 Pro
1611 877 1790 916 arbitrio
1817 876 1949 924 igitur

131 948 273 988 multa
310 949 523 998 mutabat,
567 959 682 988 nova
722 951 923 988 monstra
955 947 1143 986 vetustis
1182 947 1479 993 substituens;
1514 955 1615 984 nam
1650 955 1785 984 canon
1819 953 1949 991 quem

130 1015 378 1064 proferebat
409 1016 606 1055 adhiberi
636 1017 755 1065 prius
786 1026 872 1055 non
906 1017 1077 1064 poterat
1105 1024 1236 1062 quam
1265 1015 1359 1062 ipsa
1385 1013 1436 1052 de
1465 1013 1620 1060 quibus
1646 1010 1951 1060 disputabatur

130 1083 264 1122 verba
308 1083 408 1123 huic
454 1085 602 1122 essent
645 1083 977 1132 „assimulata''.
1022 1081 1291 1131 Quapropter
1337 1081 1533 1119 doctrina
1575 1081 1772 1118 veterum
1819 1078 1947 1125 longe

129 1150 412 1198 praeferenda
442 1152 510 1190 est
541 1150 715 1199 placitis
742 1151 947 1189 Ahrensii
974 1152 1018 1188 et
1044 1149 1230 1197 Meyeri;
1258 1158 1360 1187 nam
1392 1147 1746 1196 „distractionis”
1771 1145 1947 1183 nomine

129 1217 294 1266 optime
333 1218 528 1257 indicata
567 1220 672 1256 sunt
713 1218 847 1256 verba
887 1219 986 1266 post
1027 1217 1374 1256 contractionem
1417 1225 1501 1254 non
1544 1214 1596 1252 ab
1637 1215 1731 1262 ipso
1773 1213 1946 1260 quidem

129 1286 257 1333 poeta
288 1285 364 1324 sed
395 1295 420 1323 a
450 1285 765 1334 posterioribus
799 1285 1051 1334 „longiora”
1085 1285 1224 1323 denuo
1257 1283 1386 1331 facta,
1419 1284 1468 1321 ut
1499 1282 1615 1321 servi
1648 1281 1692 1319 in
1724 1280 1885 1319 eculeo.

247 1352 313 1391 Ad
342 1362 493 1391 verum
526 1352 624 1391 dein
650 1362 855 1391 reversus
880 1352 1062 1391 Iacobus
1089 1350 1406 1398 Wackernagel
1431 1349 1751 1389 demonstravit
1784 1348 1945 1396 Knigh-

128 1419 240 1458 tium
271 1428 368 1458 esse
400 1420 672 1466 sequendum
686 1427 714 1458 ⁰.

246 1485 373 1525 Haud
413 1486 609 1525 melioris
652 1489 779 1525 notae
821 1489 926 1525 sunt
966 1485 1186 1537 ἀγάασθαι,
1220 1483 1416 1536 ἀγάασθε,
1446 1483 1634 1535 ἐράασθε,
1664 1480 1840 1532 ὀρέοντο,
1871 1492 1946 1531 pro

127 1551 320 1603 ἄγασθαι,
348 1551 517 1605 ἄγασθε,
547 1551 709 1603 ἕρασθε,
738 1551 877 1603 ὄροντο
910 1554 1043 1592 metri
1075 1563 1207 1592 causa
1238 1553 1401 1600 scripta
1427 1553 1471 1590 in
1497 1551 1697 1590 versibus
1728 1551 1899 1589 vitiosis
1911 1546 1943 1597 d,

128 1622 171 1660 et
216 1620 300 1671 ἔην,
345 1620 475 1671 ἔησθα
522 1631 598 1670 pro
640 1619 715 1670 ἐέν,
754 1620 916 1659 ἒεσθαε.
962 1621 1151 1670 Quorum
1196 1620 1429 1659 verborum
1472 1619 1637 1658 vocalis
1679 1633 1716 1667 α,
1758 1631 1788 1667 ε,
1828 1631 1847 1655 ο
1890 1627 1944 1655 ne

127 1690 299 1737 poterat
344 1690 518 1737 quidem
565 1690 763 1742 distrahi,
810 1691 965 1739 quippe
1023 1700 1134 1738 quae
1180 1692 1338 1728 natura
1383 1688 1530 1726 brevis
1576 1683 1735 1726 essetf.
1784 1687 1854 1724 Sic
1900 1686 1943 1724 in

127 1757 352 1795 nominum
377 1757 565 1796 flexione
591 1759 772 1806 genitivi
800 1757 872 1796 ὅου
900 1760 943 1797 et
969 1756 1039 1795 ἕκσ
1068 1768 1143 1806 pro
1169 1756 1212 1795 30
1241 1759 1283 1795 et
1310 1752 1360 1794 ἧσ
1387 1756 1579 1794 Homero
1606 1757 1711 1793 sunt
1733 1753 1944 1793 obtrusiy.

244 1823 387 1862 Etiam
420 1824 652 1864 verborum
684 1825 726 1863 in
759 1824 832 1862 -όω
865 1825 1160 1864 desinentium
1188 1824 1357 1863 similes
1385 1824 1551 1870 aliquot
1576 1823 1742 1861 formas
1768 1821 1947 1870 praebet

126 1892 279 1929 textus
323 1888 568 1940 traditus&
617 1902 725 1940 quae
772 1893 934 1931 dudum
982 1899 1088 1931 sunt
1133 1894 1365 1939 correctae,
1414 1891 1619 1939 quoniam
1662 1889 1769 1928 viris
1809 1888 1947 1927 doctis

127 1957 247 1996 solae
288 1958 448 2007 stirpes
489 1959 532 1997 in
574 1969 731 1998 sonum
774 1970 800 1998 a
833 1959 1083 1998 desinentes
1120 1959 1395 1998 distractioni
1426 1958 1639 1997 obnoxiae
1672 1957 1808 1995 fuisse
1841 1955 1947 1994 olim

127 2024 401 2064 videbantur.
448 2026 497 2064 In
542 2036 561 2064 e
603 2028 753 2065 autem
795 2027 1088 2065 desinentium
1131 2026 1333 2074 stirpium
1376 2026 1542 2064 formae
1584 2024 1799 2073 plurimae
1838 2023 1944 2061 item

126 2094 228 2130 sunt
254 2094 517 2142 contractae,
545 2093 643 2132 dein
670 2093 919 2142 distractae,
948 2094 1023 2132 sed
1051 2093 1196 2132 nullae
1222 2093 1267 2131 in
1294 2094 1361 2131 his
1388 2094 1598 2142 apparent
1623 2092 1943 2130 tormentorum

127 2158 375 2206 cicatrices;
418 2169 576 2208 nempe
616 2170 772 2199 nocere
812 2161 867 2199 iis
904 2161 1011 2199 haec
1052 2170 1138 2199 non
1179 2162 1428 2209 potuerunt,
1462 2160 1562 2207 quia
1593 2161 1704 2208 φιλεῖ
1731 2158 1801 2197 vel
1832 2159 1946 2206 φιλῆι

127 2236 149 2264 e
195 2225 320 2272 φιλέει
365 2226 435 2266 vel
480 2225 613 2276 φιλέηι
661 2229 936 2266 contractum
983 2228 1165 2266 distrahi
1213 2228 1297 2266 nisi
1342 2228 1385 2266 in
1433 2226 1561 2275 φιλέει
1602 2229 1646 2266 et
1686 2224 1818 2275 φιλέηι
1859 2235 1944 2263 non

127 2294 312 2341 poterat.
359 2293 430 2332 Sic
470 2294 646 2332 dativus
689 2294 848 2332 νηπιίκι
890 2294 999 2333 abiit
1040 2295 1084 2333 in
1125 2295 1284 2343 vnm'm,
1323 2295 1421 2333 dein
1464 2295 1508 2332 in
1539 2291 1716 2342 vnms'm,
1747 2293 1943 2332 eiusdem

126 2360 246 2399 vocis
287 2361 564 2400 accusativus
597 2361 761 2399 νκπιίᾶσ
794 2361 838 2399 in
870 2362 1035 2408 νκηείᾶσ,
1073 2361 1170 2400 dein
1202 2362 1245 2399 in
1278 2361 1467 2399 νκπιάᾶσ.
1500 2361 1547 2399 In
1581 2360 1701 2399 verbi
1732 2359 1813 2409 εἰμι’
1842 2368 1943 2397 vero

125 2426 280 2466 formis
305 2427 479 2466 traditis
505 2426 574 2477 ἔην
603 2429 647 2466 et
672 2425 801 2478 ἔησθα
830 2430 1038 2477 apparent
1065 2428 1366 2467 distractionis
1383 2428 1591 2476 vestigia:
1619 2429 1747 2476 poeta
1773 2427 1944 2465 dixerat

127 2491 189 2531 ἕεν
221 2495 264 2532 et
295 2492 431 2543 ἔεσθα,
460 2495 622 2543 posteri
654 2494 860 2534 dixerunt
890 2490 941 2544 ἦν
974 2497 1017 2534 et
1047 2488 1195 2544 ἧσθαῐ.

244 2627 482 2676 Postquam
525 2629 732 2678 stirpium
774 2629 818 2667 in
861 2640 898 2677 ᾱ,
934 2644 973 2678 η,
1013 2645 1043 2667 ω
1086 2630 1379 2669 desinentium
1421 2640 1574 2670 omnes
1615 2630 1795 2678 formae,
1832 2638 1942 2676 quae

257 2768 277 2788 a
300 2758 416 2788 Zsohr.
440 2758 464 2787 f.
489 2757 521 2787 d.
547 2756 854 2788 Alt.wissenschaft
881 2761 964 2789 1836
991 2760 1048 2798 (=
1071 2760 1116 2790 kl.
1143 2760 1238 2790 Schr.
1263 2760 1279 2790 I
1304 2761 1396 2798 553).
1643 2759 1659 2789 b
1683 2759 1803 2789 Kuhns
1826 2759 1941 2789 Zschr.

125 2811 155 2841 X
190 2811 231 2840 45
256 2818 331 2848 sqq.
572 2819 589 2840 σ
621 2811 792 2841 Bezzenb.
826 2810 933 2841 Beitr.
973 2813 1070 2849 1878,
1106 2814 1169 2843 259
1206 2822 1293 2851 sqq.,
1326 2814 1417 2843 Phil.
1452 2812 1694 2843 Wochenschr.
1733 2812 1831 2851 1992,
1865 2813 1941 2842 329.

259 2861 282 2892 d
313 2872 336 2892 n
364 2863 427 2892 203
459 2862 522 2892 οὔτ’
556 2864 723 2900 ἀγάασθαι
754 2864 820 2901 leg.
854 2864 915 2893 οὔτ’
950 2865 996 2904 ἄρ’
1024 2865 1181 2904 ἄγασθαι,
1206 2878 1218 2895 ε
1243 2867 1305 2895 119
1331 2867 1364 2895 οῗ
1383 2876 1414 2895 τε
1439 2869 1534 2895 θεαῖσ
1557 2866 1705 2902 ἀγάασθε
1728 2864 1796 2902 leg.
1822 2868 1942 2901 θιῆισιν

126 2915 252 2953 ἄγασθε
286 2913 320 2956 (ἓ
345 2912 412 2955 57),
446 2918 483 2944 Π
504 2915 568 2945 208
597 2918 670 2955 πρίν
701 2916 729 2953 γ’
762 2918 900 2957 ἐράασθε
930 2917 999 2954 leg.
1023 2920 1095 2957 πρὶν
1118 2928 1174 2958 περ
1199 2919 1327 2958 ἔρασθε,
1352 2921 1380 2947 Β
1405 2919 1469 2947 398
1496 2918 1669 2946 &veterna
1693 2916 1724 2946 δ’
1753 2916 1878 2956 ὀρέοντο
1908 2918 1943 2946 et

130 2971 164 2998 Ψ
184 2969 248 2998 212
270 2969 315 2998 τοὶ
339 2968 371 2997 δ’
399 2967 524 3007 ὀρέοντο
546 2967 613 3005 leg.
638 2967 669 2996 δ’
696 2968 822 3007 ὥροντο,
847 2969 866 3007 ἓ
891 2966 985 2999 149⁸⁵
1008 2972 1042 2999 et
1066 2971 1143 3000 284.
1365 2979 1382 3000 e
1416 2971 1433 3007 ξ
1461 2970 1536 2999 302.
1770 2968 1793 3006 f
1822 2968 1840 3006 ἓ
1866 2969 1941 2999 305.

254 3029 277 3059 q
302 3020 357 3049 ‹‘›'ov
380 3021 409 3048 Β
434 3019 497 3048 325
523 3018 578 3054 al„
600 3027 678 3057 pag.
705 3021 767 3050 169
779 3031 810 3050 a.
945 3021 965 3050 lz
995 3023 1124 3062 ἀρόουσι
1149 3036 1158 3052 ι
1181 3024 1254 3057 108,
1279 3024 1421 3060 δηῖόοιεν,
1444 3032 1557 3056 -οντεσ,
1581 3032 1666 3051 -οντο
1693 3022 1711 3051 δ
1735 3022 1799 3051 226
1823 3024 1852 3050 A
1879 3022 1940 3051 153

127 3074 160 3101 Π
178 3072 254 3107 675,
278 3073 486 3110 κατηπιόωντο
507 3072 534 3099 Ε
557 3072 632 3106 417,
656 3074 863 3112 ἐστρατόωντο
888 3075 991 3104 Γ187
1016 3075 1120 3105 A3‘78
1145 3077 1175 3104 A
1190 3076 1265 3112 713,
1283 3074 1454 3109 ’δεξιόωντο
1476 3075 1509 3104 h.
1531 3074 1558 3104 V
1587 3075 1636 3104 16.
1659 3074 1726 3103 Pro
1750 3075 1941 3114 ἐγρηγορόων

128 3135 147 3153 v
167 3125 184 3154 6
204 3126 300 3154 recte
319 3124 384 3154 La.
404 3123 495 3164 -ρέων
525 3122 560 3161 (ξ
582 3121 671 3164 161),
695 3133 757 3163 pro
782 3126 866 3161 σόωι,
891 3128 987 3156 σόωισ
1010 3131 1027 3156 1
1052 3128 1126 3163 424,
1157 3129 1219 3157 681
1245 3128 1313 3165 leg.
1336 3129 1436 3165 σαόηι,
1461 3135 1541 3165 -ηισς
1567 3125 1664 3165 gravi
1687 3125 1771 3156 vitio
1795 3126 1941 3156 debetur

127 3177 323 3216 ὶρχατόωντο
346 3175 362 3210 ξ
387 3176 440 3212 15,
463 3174 479 3214 ξ
507 3175 582 3205 230.
783 3177 796 3206 i
818 3178 894 3208 Not.
919 3188 944 3211 e.
