2234 3443
145 161 169 207 ἓ
202 161 243 206 6]
669 170 722 198 DE
754 169 996 199 vocAmssus
1028 170 1078 198 ΕΤ
1110 167 1423 198 DIPHrHoners.
1905 163 1961 201 53

142 284 260 323 idem
302 284 505 323 sonuisse
547 285 677 331 atque
718 284 855 322 futuri
887 280 1049 336 φιλήσω
1081 288 1151 327 (=
1169 286 1217 331 ἑ),
1251 282 1356 321 licet
1388 283 1543 322 ambae
1575 284 1700 333 signo
1735 287 1781 334 E,
1812 289 1962 334 postea

142 351 267 399 signo
293 352 338 389 H
360 350 450 389 illic
476 351 641 390 fuerint
666 351 899 390 indicatae.
927 350 1095 399 Nempe
1123 351 1264 389 cuivis
1290 351 1411 398 genti
1436 351 1576 390 multo
1601 352 1739 390 maior
1755 363 1960 392 sonorum

143 428 316 467 semper
346 418 429 457 fuit
461 418 586 467 copia
617 427 748 465 quam
780 418 1023 466 signorum.

263 486 313 524 In
359 486 579 534 epicorum
628 487 776 524 autem
824 487 1053 534 poetarum
1100 485 1290 524 dictione
1338 486 1436 532 quis
1477 485 1605 534 color,
1647 497 1756 534 quae
1796 487 1966 526 indoles

144 553 276 592 fuerit
317 553 411 591 eius
452 552 562 600 soni,
604 553 676 600 qui
719 558 746 592 ᾶ
786 552 871 591 fuit
902 552 1122 600 primitus,
1155 553 1393 591 nescimus
1426 553 1575 591 Iliadis
1607 553 1781 592 initium
1816 556 1964 594 utrum

145 619 298 660 manin
330 620 443 659 aeide
473 619 565 659 thec‘z
597 620 688 658 fere
721 621 917 658 sonuerit
949 620 992 657 in
1020 629 1093 658 ore
1120 620 1258 668 ipsius
1285 622 1452 668 poetae,
1481 630 1535 659 an
1564 622 1706 660 merlin
1732 624 1845 661 acide
1869 624 1964 671 thee,

146 697 200 725 an
233 696 336 726 vero
378 687 422 725 in
464 689 591 725 textu
624 686 786 725 tradito
819 686 985 725 vocalis
1027 696 1135 734 pura
1167 687 1360 726 nominis
1390 682 1467 725 θεά
1500 689 1544 726 et
1574 689 1747 737 impura
1776 690 1968 729 nominis

145 759 268 803 μῆνισ
297 756 413 793 recte
446 754 562 793 inter
594 764 642 793 se
674 754 763 792 sint
795 754 1042 802 distinctae,
1079 754 1176 801 quis
1201 756 1268 793 est
1295 755 1367 802 qui
1393 756 1529 794 etiam
1557 765 1673 795 nunc
1701 757 1807 796 effici
1836 768 1965 806 posse

146 821 314 861 credat!
344 821 454 860 Nam
483 822 601 860 aliud
630 824 697 860 est
721 831 852 860 sonos
879 821 1113 870 depingere
1140 822 1279 869 signis
1306 823 1401 861 sive
1423 822 1600 862 Graecis
1617 824 1710 863 sive
1727 825 1964 874 hodiernis,

144 889 260 928 aliud
302 889 420 937 ipsas
461 890 581 928 vocis
624 889 950 927 modulationes
992 891 1094 928 ante
1136 889 1279 928 multa
1323 890 1499 929 saecula
1538 891 1701 930 litteris
1747 894 1967 940 utcunque

143 957 362 996 indicatas
393 959 544 995 nostro
578 966 650 995 ore
683 957 874 995 reddere.

263 1024 376 1072 Ergo
417 1034 503 1063 non
547 1024 658 1062 satis
700 1025 873 1063 constat
903 1025 1053 1062 utrum
1085 1023 1211 1073 fines,
1244 1026 1362 1063 intra
1394 1036 1502 1073 quos
1537 1028 1727 1066 coercita
1759 1031 1826 1066 est
1856 1028 1969 1076 signi

145 1092 188 1130 H
219 1091 342 1141 dicio,
377 1092 601 1140 aliquanto
639 1092 773 1130 latius
804 1092 895 1130 sint
927 1092 1172 1141 diducendi,
1207 1103 1260 1131 an
1295 1094 1521 1141 augendus
1555 1095 1613 1133 sit
1645 1105 1856 1134 numerus
1887 1096 1970 1144 syl—

145 1159 345 1198 labarum
391 1160 568 1207 signum
614 1174 638 1195 α
684 1159 1037 1198 exhibentiuma.
1086 1160 1297 1199 Attamen
1340 1171 1444 1200 vero
1486 1162 1627 1201 multo
1669 1164 1737 1201 est
1777 1162 1970 1202 similius

145 1226 345 1266 crebrum
389 1227 494 1266 illud
542 1226 684 1275 alpha,
732 1227 845 1274 quod
893 1227 944 1266 ab
987 1228 1104 1266 Iadis
1145 1229 1400 1267 recentioris
1441 1229 1584 1268 indole
1635 1230 1827 1269 alienum
1870 1230 1965 1280 fuit,

147 1295 348 1334 vetustae
395 1295 595 1334 dictionis
641 1294 831 1342 vestigia
876 1305 1065 1344 servare,
1115 1305 1245 1343 quam
1287 1297 1477 1344 posteris
1518 1297 1559 1335 id
1603 1298 1761 1337 deberi.
1800 1299 1966 1338 Horum

147 1369 294 1399 errore
340 1359 470 1408 alpha
516 1370 675 1400 vocum
724 1362 918 1412 Ἀτρεΐδεω
966 1365 1010 1401 et
1056 1358 1287 1411 Ἀτρεῖόέίων
1334 1375 1387 1402 ex
1435 1380 1459 1413 η
1507 1375 1604 1404 esse
1644 1368 1797 1405 natum
1839 1377 1969 1406 nemo

149 1426 396 1465 contendet.
439 1426 711 1466 Recentioris
755 1429 851 1467 aevi
884 1430 967 1467 fuit
999 1430 1241 1468 Δειυοὸίκκο
1279 1431 1384 1469 illud
1418 1435 1552 1480 (icens),
1587 1433 1699 1480 quod
1737 1418 1897 1481 legitur
1928 1435 1972 1473 in

149 1494 468 1542 epigrammate
509 1505 642 1543 supra
683 1496 860 1535 laudato
875 1494 903 1545 b,
943 1497 1125 1536 Homeri
1159 1509 1261 1537 vero
1294 1499 1558 1550 Afecvocllnao
1592 1504 1750 1549 (necno),
1783 1501 1974 1541 Homero

150 1563 299 1600 autem
347 1563 643 1602 vetustiorum
690 1566 923 1612 poetarum
970 1565 1203 1612 aliquando
1245 1566 1328 1604 fuit
1380 1567 1709 1619 Afswoclc'nczfoc.
1759 1569 1810 1607 Et
1848 1569 1974 1608 facile

148 1638 282 1668 sonus
311 1644 336 1666 κ
362 1638 417 1667 ex
444 1631 541 1669 aevi
568 1632 826 1670 recentioris
852 1632 1038 1671 dialecto
1067 1633 1216 1672 Ionica
1240 1634 1284 1672 in
1302 1635 1468 1673 multas
1484 1636 1732 1674 carminum
1751 1637 1975 1685 epicorum

149 1706 280 1735 voces
327 1697 494 1736 sensim
540 1699 682 1746 potuit
722 1699 925 1748 irrepere.
969 1701 1175 1740 Fortasse
1214 1702 1349 1750 igitur
1396 1702 1617 1741 Homerus
1659 1704 1770 1742 dixit
1810 1703 1977 1754 ἀιιιᾶσω,

148 1761 331 1813 ἀνιᾱρόσ,
361 1764 549 1813 similia;
583 1767 659 1805 sed
693 1769 813 1806 certa
844 1768 953 1806 haec
982 1778 1052 1807 res
1078 1778 1163 1807 non
1194 1771 1276 1815 est,
1304 1779 1444 1817 neque
1471 1771 1624 1818 magni
1649 1774 1716 1810 est
1743 1773 1973 1812 momenti.

150 1831 312 1870 Graece
352 1834 502 1871 autem
545 1833 712 1873 edoctis
754 1835 1029 1875 tolerabilem
1071 1846 1157 1875 non
1200 1847 1298 1875 esse
1339 1838 1665 1877 nominativum
1704 1840 1902 1890 Ἀτρεΐδκσ
1932 1841 1975 1878 in

150 1908 236 1937 uno
277 1899 517 1948 eodemque
560 1902 755 1940 carmine
798 1913 897 1941 cum
941 1904 1136 1951 genitivo
1183 1903 1379 1953 Ἀτρεΐδεω
1422 1903 1681 1952 prolatumd
1724 1908 1762 1945 si
1803 1907 1974 1946 demon·

150 1967 282 2005 strari
326 1970 519 2017 possete,
569 1969 678 2007 nihil
719 1970 782 2008 sic
825 1970 1068 2009 efficeretur
1119 1971 1230 2018 quod
1271 1972 1324 2010 ad
1373 1974 1480 2010 artis
1523 1973 1671 2021 epicae
1711 1974 1978 2014 incunabula

151 2034 413 2082 pertineret:
446 2035 588 2074 solam
622 2037 982 2085 orthographiam
1017 2038 1086 2077 vel
1118 2039 1391 2087 orthoepiam
1424 2040 1533 2078 haec
1565 2042 1762 2088 quaestio
1793 2045 1978 2090 spectat.

269 2101 384 2140 Nihil
410 2103 545 2151 igitur
571 2114 762 2143 novasse
790 2105 832 2143 in
862 2115 907 2144 re
935 2106 1066 2144 dubia
1092 2107 1247 2145 satius.
1276 2106 1385 2146 Cum
1403 2113 1541 2157 ψῆρασ
1559 2108 1664 2147 illud
1683 2110 1976 2160 servavimuS,

150 2170 248 2208 tum
275 2175 437 2221 ψᾶρῶν;
464 2173 745 2211 servavimus
772 2173 904 2222 δάμυᾶ
927 2176 971 2212 et
988 2173 1088 2221 ἵστη,
1106 2175 1386 2213 servavimus
1404 2175 1525 2214 verbi
1541 2176 1747 2225 κρᾱαίνειν
1765 2178 1977 2217 aoristum

150 2242 337 2286 κρηῆναι,
367 2247 565 2287 quaeque
597 2240 640 2279 id
667 2250 806 2288 genus
833 2242 939 2279 sunt
965 2241 1090 2289 plura
1103 2240 1133 2280 f.
1162 2242 1224 2281 Ne
1250 2242 1353 2281 illae
1380 2243 1556 2290 quidem
1584 2253 1714 2283 voces
1739 2246 1978 2284 mutandae

151 2306 255 2342 sunt
296 2305 432 2354 visae,
476 2299 662 2353 quarum
705 2308 853 2346 littera
897 2323 921 2344 κ
963 2310 1115 2356 aperto
1157 2309 1294 2347 errori
1335 2309 1531 2357 debetur,
1574 2320 1642 2349 ex.
1684 2322 1747 2358 gr.
1781 2308 1980 2361 ἠνεμόεισ,

153 2368 403 2422 ἠερέθονται,
446 2371 743 2422 ὑψιπέτκλοσθ.
791 2376 909 2415 Nulli
956 2376 1171 2414 nimirum
1218 2376 1487 2425 apparebant
1531 2376 1654 2427 fines,
1705 2378 1823 2417 intra
1868 2390 1978 2427 quos

153 2440 393 2479 consistere
424 2443 574 2489 posset
606 2443 784 2481 criticus
815 2444 890 2491 qui
922 2443 1060 2481 semel
1092 2444 1135 2481 in
1169 2444 1286 2482 hunc
1319 2454 1524 2492 campum
1556 2445 1711 2493 pedem
1742 2446 1980 2486 intulisset.

272 2507 390 2557 Quod
429 2518 532 2547 vero
573 2510 670 2549 sine
712 2511 966 2550 temeritate
1008 2512 1181 2558 poterat
1213 2511 1328 2550 fieri:
1362 2512 1446 2550 alio
1478 2513 1605 2561 signo
1638 2513 1880 2552 indicatum
1913 2517 1981 2553 est

153 2574 258 2613 illud
287 2577 370 2623 eta,
400 2576 512 2623 quod
546 2587 568 2615 e
600 2586 708 2616 sono
741 2584 768 2618 ᾶ
802 2580 867 2616 est
901 2580 1055 2616 natum
1090 2575 1166 2625 (Η,
1200 2584 1264 2627 ιι),
1298 2579 1382 2618 alio
1415 2589 1552 2618 sonus
1584 2585 1604 2619 ἑ
1634 2577 1708 2629 (H,
1743 2585 1789 2634 η)
1804 2578 1836 2619 lt.

242 2723 262 2743 a
291 2714 367 2744 Huc
402 2716 631 2752 Aristarchus,
672 2717 756 2747 illuc
788 2717 984 2747 Zenodotus
1016 2718 1128 2755 magis
1159 2720 1232 2747 erat
1270 2727 1477 2756 propensus,
1509 2728 1587 2757 pag.
1621 2721 1661 2749 58
1682 2730 1711 2754 a,
1745 2720 1778 2754 b;
1815 2720 1876 2749 sed
1913 2729 1981 2751 non

153 2765 314 2796 videntur
350 2767 393 2797 ab
428 2768 482 2797 his
517 2769 637 2798 aliisve
674 2770 804 2800 criticis
840 2770 963 2807 multa,
1001 2778 1090 2807 quae
1127 2772 1209 2800 sunt
1243 2771 1427 2811 eiusmodi,
1457 2781 1519 2810 pro
1549 2771 1693 2801 arbitrio
1726 2781 1802 2801 esse
1837 2775 1982 2802 mutata.

287 2818 304 2848 b
327 2819 409 2857 Pag.
434 2822 487 2850 61.
642 2830 659 2851 0
682 2821 700 2860 ξ
728 2823 780 2859 40,
806 2823 861 2852 55.
1009 2821 1032 2851 d
1054 2822 1138 2852 Fick
1163 2823 1287 2860 odyss.
1314 2825 1344 2853 3.
1479 2834 1496 2854 e
1522 2825 1613 2860 „Das
1637 2824 1692 2854 bei
1717 2825 1846 2854 Homer
1868 2824 1902 2855 in
1926 2824 1984 2855 der

161 2869 362 2910 Verbindunq
389 2871 450 2902 mit
477 2872 577 2903 einem
607 2872 728 2904 andem
768 2873 872 2904 Volcal
899 2875 1120 2905 austretendo
1152 2876 1303 2905 a...f1·ir
1333 2874 1519 2906 unionisch
1545 2886 1590 2906 zu
1617 2877 1734 2906 halten
1758 2877 1872 2916 (Fick)
1895 2877 1983 2916 liegt

153 2921 234 2953 kein
266 2924 418 2962 tristiger
448 2923 566 2955 Grund
599 2927 681 2956 vor''
715 2925 914 2964 Brugmann
948 2928 1006 2958 Gr.
1040 2928 1194 2958 Gramm.
1227 2929 1244 2966 5
1271 2930 1323 2959 10.
1517 2929 1619 2970 fAd
1641 2931 1844 2969 auqmentum
1867 2933 1982 2961 tamen

151 2974 374 3007 indicandum
408 2977 512 3008 etiam
548 2978 668 3008 invitis
706 2979 965 3018 exemplaribus
1007 2980 1260 3019 manuscr1ptis
1296 2981 1469 3011 edidimus
1504 2979 1580 3022 ἦρχε
1617 2984 1650 3012 et
1685 2981 1826 3020 similia,
1860 2982 1878 3021 ξ
1908 2985 1982 3014 130.

281 3038 304 3069 y
328 3030 409 3067 Pag.
435 3030 488 3060 58.
620 3030 641 3060 Ιι
665 3032 859 3062 Praeeunte
884 3031 1002 3062 Fickio
1022 3033 1057 3062 in
1077 3033 1199 3074 hymni
1221 3033 1392 3072 Apollinis
1412 3033 1506 3064 Delii
1524 3035 1724 3065 recensione
1745 3035 1807 3065 Od.
1829 3036 1893 3065 286
1907 3044 1982 3074 sqq.
