2234 3443
146 203 170 248 ἓ
205 202 303 247 148]
796 210 850 238 DE
881 209 1063 238 AORISTO
1094 208 1301 238 SECUNDO.
1872 194 1957 232 283

139 324 245 372 fecto
276 325 424 362 autem
457 323 647 362 aoristus
677 315 894 361 secundus
925 333 1064 370 neque
1093 322 1235 361 forma
1265 330 1403 368 neque
1429 320 1593 368 origine
1619 318 1857 367 differebat,
1885 317 1960 356 sed

147 400 276 429 caeca
320 390 496 429 fortuna
542 390 640 429 aliis
686 389 934 439 praeteritis
975 389 1198 428 notionem
1239 388 1424 427 actionis
1454 387 1674 435 absolutae,
1707 385 1818 433 aliis,
1851 394 1960 431 quae

145 459 249 496 sunt
295 457 536 506 simillima,
584 458 842 506 imperfectae
887 456 1054 495 tribuit.
1100 456 1194 495 Non
1236 456 1352 494 enim
1394 457 1486 494 erat
1527 463 1662 493 causa
1696 453 1867 490 interna
1907 451 1959 489 ob

145 533 275 572 quam
323 523 466 572 ἔβαλον
512 525 580 563 vel
626 524 762 574 ἔτεμον
803 526 1022 572 peractam
1066 523 1282 562 actionem
1324 523 1548 571 indicaret,
1581 520 1756 572 ἔγραφον
1786 517 1962 557 veroid

144 592 259 640 quod
304 592 549 640 scribebam,
596 591 736 641 ἔμενον
782 591 823 629 id
870 591 982 639 quod
1024 590 1272 637 manebam;
1313 590 1389 628 sed
1421 590 1474 628 ad
1505 588 1806 628 continuatam
1838 587 1963 624 itera-

144 660 294 698 tamve
334 659 550 698 actionem
582 657 912 707 significandam
945 657 1155 705 producta
1186 658 1255 695 est
1285 657 1419 705 stirps
1451 656 1681 694 verborum
1713 653 1892 692 iaciendi
1922 654 1963 690 et

143 727 331 765 secandi:
379 726 541 776 βάλλ-ω,
586 724 804 775 ἔ-βαλλ-ον,
848 723 1008 773 τέμν-ω,
1048 723 1261 773 ἕ-τεμυ-ον,
1299 724 1505 763 scribendi
1535 732 1638 761 vero
1681 723 1724 760 et
1765 720 1966 759 manendi

145 793 379 832 verborum
425 803 633 842 praesens
682 792 752 831 vel
796 791 1100 840 imperfectum
1142 791 1463 830 incrementum
1504 801 1588 829 non
1632 789 1759 837 cepit,
1791 788 1967 836 peracta

145 862 295 898 autem
328 860 482 899 horum
515 862 746 899 verborum
781 859 893 897 actio
926 858 1117 897 indicata
1153 862 1221 897 est
1252 860 1487 906 praeterito
1514 858 1768 905 sigmatico:
1796 854 1969 905 γράφ-ω,

145 926 352 978 {lypum-a,
379 926 515 977 μέν-ω,
541 926 713 976 ἔ-μειν-οι
727 934 759 965 α.
787 926 965 964 Nullum
983 926 1027 964 in
1045 926 1224 965 Homeri
1240 926 1389 974 lingua
1406 928 1500 965 erat
1515 924 1715 964 flexionis
1732 922 1966 960 discrimen

145 995 260 1034 inter
306 994 410 1044 ἔφην
457 997 499 1034 et
538 993 649 1045 ἔβην,
693 994 769 1032 sed
807 993 1111 1041 imperfectum
1149 994 1233 1032 dici
1272 993 1383 1032 solet
1425 993 1544 1041 illud,
1585 991 1688 1039 quia
1728 990 1780 1028 ab
1813 988 1965 1027 eadem

145 1063 281 1111 stirpe
322 1063 498 1102 ductum
546 1065 613 1100 est
655 1070 864 1110 praesens
909 1060 1027 1109 φημί,
1066 1061 1148 1099 hoc
1188 1062 1390 1108 aoristus,
1434 1061 1534 1108 quia
1573 1060 1671 1108 βῆμι
1707 1067 1791 1096 non
1829 1057 1964 1103 extat,

146 1130 221 1168 sed
264 1130 316 1168 ab
357 1131 487 1168 aucta
523 1129 658 1177 stirpe
684 1129 779 1179 βων
807 1129 900 1167 sive
926 1128 1047 1178 βα-σκ
1077 1129 1170 1167 sive
1204 1129 1317 1179 βι-βα
1350 1137 1556 1177 praesens
1588 1129 1631 1165 et
1661 1124 1965 1173 imperfectum

145 1198 250 1235 sunt
280 1197 422 1235 ducta.

262 1264 310 1302 In
344 1264 504 1303 aoristo
535 1264 725 1302 secundo
757 1263 974 1312 plerisque
1005 1263 1215 1311 stirpibus
1247 1264 1289 1301 in
1324 1263 1519 1301 vocalem
1552 1259 1851 1300 desinentibus
1882 1268 1967 1296 non

145 1331 383 1370 addebatur
424 1331 588 1370 vocalis
627 1327 910 1379 thematicab,
957 1331 1196 1370 addebatur
1228 1341 1330 1369 vero
1361 1331 1571 1379 stirpibus
1602 1338 1714 1376 quae
1745 1328 1788 1365 in
1821 1335 1967 1365 conso-

146 1408 264 1448 nam,
296 1400 447 1447 paucis
479 1409 589 1447 quae
621 1399 753 1437 medii
786 1401 889 1436 sunt
922 1398 1094 1446 generis
1127 1399 1359 1447 exceptisc.
1894 1430 1898 1447 χ

265 1466 500 1505 Multarum
544 1466 748 1514 stirpium
792 1466 835 1503 in
879 1475 1118 1503 consonam
1162 1465 1456 1504 desinentium
1491 1464 1681 1503 aoristus
1712 1463 1868 1500 auctus
1904 1462 1972 1498 est

145 1531 510 1582 reduplicationed,
559 1543 642 1581 quo
689 1534 962 1572 incremento
1009 1533 1232 1571 nonnullis
1276 1533 1549 1571 tribuebatur
1596 1531 1662 1569 vis
1703 1528 1967 1568 causativae.

144 1600 337 1640 Liberior
369 1607 517 1640 autem
549 1601 679 1639 huius
711 1600 905 1648 syllabae
937 1601 980 1638 in
1015 1601 1135 1648 epica
1167 1601 1356 1639 dictione
1389 1601 1483 1639 erat
1514 1609 1644 1646 usus;
1678 1595 1972 1645 compluribus

146 1668 262 1707 enim
295 1668 505 1717 stirpibus
536 1668 664 1707 modo
697 1668 842 1706 addita
873 1669 954 1716 est,
985 1668 1115 1706 modo
1148 1666 1404 1715 denegataf.
1435 1666 1650 1716 Syncopen
1675 1674 1784 1712 quae
1812 1662 1970 1701 dicitur

146 1735 313 1774 multae
344 1738 448 1774 sunt
480 1743 680 1784 passaey.

264 1802 473 1841 Versibus
514 1804 659 1841 autem
705 1805 830 1851 aptas
877 1803 1104 1841 verborum
1147 1803 1312 1841 formas
1343 1803 1445 1841 dum
1479 1802 1646 1849 eligunt
1677 1800 1829 1848 poetae
1861 1796 1970 1845 epici

146 1871 191 1908 et
237 1869 458 1919 effingunt,
505 1870 658 1909 multis
703 1870 849 1908 verbis
889 1870 1013 1908 binos
1054 1870 1257 1918 pluresve
1290 1871 1476 1909 aoristos
1501 1868 1750 1907 tribuerunt
1779 1866 1853 1903 vix
1884 1864 1972 1903 ullo

146 1937 339 1976 notionis
381 1937 634 1976 discrimine
676 1937 933 1976 disiunctos.
974 1937 1052 1975 Ex.
1095 1948 1157 1985 gr.
1199 1937 1241 1975 id
1283 1937 1395 1985 quod
1434 1937 1650 1975 delectatus
1679 1944 1774 1973 sum
1805 1933 1849 1971 in
1883 1942 1971 1970 car-

146 2004 338 2043 minibus
363 2004 498 2053 epiciS
519 2004 676 2043 dicitur
694 2002 935 2053 ἐταρπόμκν,
951 2003 1234 2053 ἐτεταρηόμκν,
1250 2002 1493 2053 ἐτερψάμκν,
1509 2002 1696 2051 ἕτάρπην,
1713 2000 1914 2049 ἐτέρφθην
1928 1996 1969 2046 7²,

145 2074 318 2110 sextam
362 2072 550 2110 formam
593 2072 772 2110 exhibet
809 2071 1038 2121 τραπήομεν
1070 2071 1188 2120 illud,
1224 2071 1335 2119 quod
1369 2082 1423 2110 ex
1454 2069 1701 2120 ἐταρπήομεν
1733 2066 1972 2106 metathesi

146 2140 215 2177 est
246 2135 472 2186 ductum2';
507 2139 697 2187 septima
729 2138 925 2177 addenda
956 2140 1074 2177 esset
1105 2137 1328 2188 ἐτάρφθην,
1358 2139 1444 2177 nisi
1470 2136 1809 2176 describentium
1838 2133 1973 2172 errori

145 2206 252 2244 haec
304 2206 569 2249 debereturj.
619 2205 734 2255 Quae
781 2206 972 2244 varietas
1017 2216 1225 2254 magnam
1273 2208 1443 2254 partem
1490 2205 1672 2243 debetur
1717 2200 1972 2241 necessitati

147 2275 355 2312 metricae
387 2274 479 2312 sive
511 2273 756 2312 discrimini
787 2274 900 2321 quod
928 2276 1022 2312 erat
1050 2274 1163 2312 inter
1191 2275 1308 2312 arsin
1338 2276 1381 2312 et
1407 2273 1567 2321 thesin,
1594 2282 1680 2311 non
1698 2273 1791 2309 tota
1808 2272 1970 2318 tamen,

146 2349 249 2378 nam
281 2339 507 2390 ἐτάρπησαν
540 2351 609 2379 ex.
641 2351 705 2388 gr.
737 2342 781 2379 et
813 2339 1068 2390 ἐτέρφθησαν
1101 2351 1309 2380 mensura
1340 2351 1425 2379 non
1457 2340 1676 2379 differunt.

267 2407 346 2456 Qui
383 2408 428 2446 in
470 2408 737 2446 carminibus
769 2408 902 2456 epicis
932 2408 1131 2456 usurpati
1163 2410 1265 2447 sunt
1297 2408 1451 2447 aoristi
1483 2407 1676 2455 secundi,
1704 2404 1850 2444 cuncti
1880 2404 1969 2442 iam

147 2476 250 2512 sunt
280 2475 546 2513 recensendi.

301 2639 321 2658 a
353 2628 517 2659 Primitus
561 2631 683 2665 ἔμενσα.
913 2631 929 2660 b
967 2630 982 2670 §
1022 2631 1186 2661 1501-39.
1399 2640 1415 2660 c
1449 2630 1465 2670 §
1506 2629 1686 2660 15040—50.
1723 2629 1815 2664 Quas
1852 2626 1969 2658 aoristi

148 2681 310 2720 siqmatici
349 2682 458 2712 vocali
504 2694 524 2712 α
572 2683 725 2713 nondum
774 2683 867 2714 aucti
909 2686 1000 2722 (pag.
1037 2684 1101 2712 242
1118 2683 1159 2719 w)
1203 2684 1311 2713 fuisse
1348 2683 1488 2718 formas,
1523 2681 1685 2720 primitus
1720 2681 1827 2719 igItur
1863 2682 1970 2710 fuisse

148 2732 289 2774 ὦρ-σ-το,
326 2735 551 2773 fad-omnmo,
585 2735 662 2774 alia,
693 2735 842 2766 coniecit
872 2737 911 2766 G.
942 2733 1075 2774 Meyer²
1107 2735 1122 2775 §
1150 2736 1229 2769 5303
1258 2735 1319 2765 sed
1346 2744 1427 2765 vero
1451 2735 1619 2764 dissimile
1642 2734 1707 2763 hoc
1731 2733 1866 2763 videtur
1890 2741 1968 2762 cum

148 2789 238 2818 inter
267 2796 305 2817 se
341 2788 567 2817 conferuntur
601 2785 681 2826 ὦρτο
721 2790 755 2817 et
789 2789 893 2829 ὤρετο,
924 2788 939 2828 §
969 2786 1062 2819 150⁴8
1085 2792 1120 2818 et
1145 2786 1249 2825 14935,
1272 2789 1363 2818 inter
1387 2796 1474 2825 quas
1498 2788 1627 2817 formas
1651 2796 1690 2816 ea
1710 2786 1861 2815 obtinuit
1883 2785 1971 2814 ratio

150 2848 238 2876 quae
271 2840 362 2869 inter
393 2840 525 2878 δέχαται
559 2845 594 2869 et
626 2840 783 2878 δέχονται,
812 2841 933 2882 πέρθαι
956 2842 990 2870 et
1011 2841 1207 2881 πέρθεσθαι,
1231 2841 1323 2881 φέρτε
1345 2843 1380 2870 et
1403 2841 1519 2881 φέρετε.
1654 2839 1677 2869 a'
1698 2837 1854 2876 Triginta
1881 2837 1972 2867 inter

149 2893 297 2922 aon-istos
320 2893 399 2931 plus
423 2893 608 2929 octoginta.
743 2902 759 2922 e
781 2895 846 2922 λαθ
873 2893 926 2929 24,
949 2896 1011 2931 λαχ
1036 2893 1090 2923 25.
1223 2893 1246 2931 f
1265 2895 1303 2933 ἀρ
1332 2895 1382 2927 12,
1400 2897 1465 2923 κυθ
1480 2894 1534 2930 22,
1551 2896 1610 2932 aas?
1625 2893 1677 2927 23,
1691 2894 1753 2921 πιθ
1767 2892 1901 2926 31,πυθ
1916 2893 1970 2927 33,

150 2954 209 2974 oen
245 2946 298 2980 35,
333 2955 414 2984 ταρπ
448 2945 501 2981 38,
524 2945 645 2984 μ(α)ρπ
668 2945 807 2974 Hesiod.
985 2955 1008 2985 9
1032 2948 1098 2975 even
1124 2947 1176 2982 16,
1199 2957 1262 2984 fan
1289 2948 1341 2983 19,
1366 2949 1415 2975 κελ
1442 2947 1494 2981 21,
1518 2948 1573 2982 μελ
1599 2945 1653 2983 27,
1677 2944 1730 2973 σεδ
1755 2945 1808 2980 34,
1832 2953 1891 2973 oen
1916 2944 1969 2979 35,

149 3000 204 3033 τεμ
239 2997 293 3033 37,
322 3008 378 3036 φιν
405 2997 458 3032 40,
489 3006 577 3037 μαρπ
601 2997 753 3032 Ηθδίοᾶ.,
777 2998 850 3037 ἀγερ
876 2999 930 3033 44,
954 2999 1022 3036 ἐγερ
1047 2997 1100 3033 57,
1123 3000 1202 3028 nv&
1228 2999 1281 3036 58,
1305 3001 1361 3027 πελ
1386 2999 1439 3032 88,
1462 3008 1519 3026 net
1541 2998 1593 3031 89,
1618 3006 1677 3026 oen
1698 2997 1752 3032 93,
1776 3007 1834 3034 σεχ
1858 2996 1913 3032 94,
1936 2998 1970 3025 et

151 3057 240 3087 quae
261 3048 297 3079 in
317 3052 447 3079 mutam
471 3049 623 3087 liquidae
647 3049 838 3079 subiectam
863 3048 1028 3079 desinunt
1050 3051 1154 3090 ἀμαρτ
1178 3051 1232 3086 47,
1257 3051 1343 3090 δαρθ
1369 3051 1424 3088 54,
1447 3050 1519 3089 ὁερκ
1544 3049 1595 3081 55,
1620 3053 1704 3078 mv&
1729 3049 1782 3084 87,
1805 3052 1891 3089 περθ
1916 3049 1970 3086 91,

150 3101 226 3139 xero*
252 3101 325 3132 107.
460 3100 480 3131 h
504 3100 520 3140 §
546 3101 622 3132 250.
758 3101 770 3131 i
793 3102 874 3139 Pag.
901 3102 964 3131 115
977 3111 1003 3131 S.
1138 3101 1160 3141 j
1182 3103 1326 3143 ’τάρφθη
1349 3112 1366 3130 τ
1390 3102 1466 3138 213,
1491 3103 1552 3131 251
1579 3113 1601 3139 φ
1625 3102 1678 3138 57,
1695 3101 1854 3142 ’τάρφθεν
1878 3102 1894 3135 ζ
1915 3102 1969 3136 99,

152 3153 218 3187 leg.
239 3153 389 3194 ’τέρφ9η,
412 3158 495 3183 -θεν,
521 3155 569 3183 De
589 3152 763 3184 similibus
788 3153 1013 3184 iterattvarum
1038 3154 1227 3184 formarum
1250 3153 1345 3184 vitiis
1369 3163 1449 3192 pag.
1473 3155 1534 3184 281
1551 3163 1590 3184 m.
