2234 3443
223 190 277 229 88
751 197 804 225 DE
838 195 1076 225 vocALrssus
1106 196 1158 225 ET
1190 196 1499 226 DJPHTHONffls.
1903 192 1942 237 [ἓ
1979 192 2027 230 17

219 311 343 351 -ΐωνα
387 310 459 354 hic
503 315 607 352 sunt
654 312 1039 361 commemorandi,
1082 322 1162 351 nec
1203 321 1288 350 non
1331 311 1466 360 stirps
1507 310 1660 350 memb.
1703 313 1815 352 Nam
1860 315 2031 354 collatis

220 381 401 430 κτάομαι,
428 386 580 427 κτῆσισ,
609 385 750 429 κτῆμα,
776 379 932 429 κτκτόσ,
958 367 1195 418 Κτάόιπποσ
1219 379 1407 418 libenter
1432 377 1656 420 κτὶῖάτ(εσσι
1684 383 1780 422 cet.)
1807 383 2032 430 scripserit

219 449 449 497 quispiam,
484 450 527 486 et
558 448 650 487 veri
680 448 794 486 haud
826 447 1043 486 dissimile
1075 448 1144 486 est
1175 447 1219 485 in
1254 446 1379 485 libris
1412 448 1603 486 vetustis
1635 459 1788 487 revera
1819 450 2031 497 scriptum

218 519 353 558 fuisse
394 520 703 569 ΚΤΗΑΓΕΣΙ,
742 520 790 557 ut
832 519 1037 556 ΑΛΗΟΝ
1070 519 1164 557 sive
1195 507 1353 556 ἀλλΐιων
1385 516 1563 585 (dell-4310
1596 519 1639 558 in
1673 520 1813 568 prisco
1845 519 2029 568 lapidee.

221 594 369 634 Satius
408 597 556 633 tamen
589 594 760 633 videtur
799 594 905 633 talia
944 594 987 632 in
1029 593 1244 633 editiones
1277 594 1510 633 hodiernas
1542 604 1626 633 non
1659 595 1897 643 invexisse,
1931 604 2029 634 cum

220 662 478 710 praesertim
521 661 684 701 vocalis
715 675 732 699 ε
763 662 897 700 etiam
929 662 973 700 in
1005 662 1136 701 verbo
1166 659 1409 710 κτερεΐζεινά
1437 663 1481 700 et
1512 662 1556 700 in
1588 662 1866 701 substantivo
1897 660 2032 712 κτέρεα

218 730 482 779 inveniatur,
512 730 570 768 ibi
602 730 750 767 autem
782 731 884 768 ante
916 739 1167 768 consonam.

335 797 566 835 Praeterea
595 796 954 844 frequentissima
983 797 1066 835 fuit
1096 797 1202 836 haec
1235 797 1448 845 correptio
1480 797 1524 835 in
1556 796 1743 835 flexione
1775 796 2030 844 verborum;

218 873 348 912 saepe
388 864 504 917 enim
542 864 727 912 correpti
758 865 862 902 sunt
891 864 988 903 soni
1019 865 1034 902 i
1064 866 1108 903 et
1138 871 1207 914 ue,
1243 875 1310 903 ex.
1344 875 1408 913 gr.
1441 861 1510 902 ὀΐω
1523 861 1553 912 f,
1585 863 1740 914 ἴδρῦεθ,
1772 864 2032 912 saepissime

217 928 313 970 soni
343 942 384 980 a,
412 942 443 982 e,
476 928 541 980 οἷ’,
577 941 646 970 ex.
674 941 736 979 gr.
768 923 904 980 τιμὸἒω,
935 929 1072 981 φιλέω,
1103 931 1220 970 σαόω.
1253 932 1397 970 Etiam
1427 930 1560 970 verba
1593 931 1795 970 biformia
1820 930 1908 980 χείω
1936 931 2031 969 sive

218 998 304 1049 χέω,
334 997 515 1047 ἀκείομαι
547 999 640 1037 sive
671 996 848 1047 ἀκέομαι,
878 998 964 1037 alia
994 999 1057 1037 sic
1088 1001 1193 1038 sunt
1222 996 1361 1038 natai.

337 1066 442 1104 Ante
478 1065 669 1114 flexionis
697 1066 925 1104 terminum
958 1076 1068 1114 quae
1100 1068 1345 1115 correptam
1378 1066 1542 1105 habent
1574 1065 1790 1114 syllabam
1823 1064 1957 1104 verba
1985 1064 2030 1103 et

218 1135 410 1182 nomina,
451 1135 504 1173 iis
542 1135 585 1172 in
626 1134 952 1183 exemplaribus
991 1135 1166 1182 scriptis
1206 1144 1292 1173 non
1330 1134 1496 1173 tributa
1528 1136 1597 1173 est
1626 1134 1755 1182 longa
1787 1141 1837 1171 ea
1867 1130 2033 1170 vocalis

220 1202 288 1241 vel
333 1202 643 1250 diphthonguS,
684 1211 793 1249 quae
833 1203 927 1240 erat
966 1201 1156 1250 propria,
1199 1201 1274 1240 sed
1316 1201 1464 1240 brevis
1497 1211 1632 1240 sonus
1674 1204 1711 1249 ἅ,
1742 1214 1772 1249 ε,
1804 1214 1838 1249 ο,
1867 1202 1911 1244 m
1946 1207 2032 1236 non

217 1269 393 1308 auribus
422 1269 555 1317 igitur
585 1268 691 1307 solis
721 1269 796 1308 sed
829 1270 873 1307 et
902 1268 1028 1307 oculis
1059 1269 1311 1316 agnoscitur
1343 1269 1572 1317 correptio.
1604 1268 1796 1317 Quorum
1822 1278 2030 1307 sonorum

217 1336 408 1384 plerique
439 1337 482 1374 in
517 1336 613 1374 aevi
645 1336 900 1374 recentioris
931 1335 1119 1374 dictione
1150 1335 1306 1374 breves
1338 1338 1597 1375 manserunt
1629 1338 1705 1374 aut
1736 1336 2033 1375 contractione

218 1404 350 1443 etiam
382 1404 525 1452 magis
556 1405 659 1442 sunt
689 1403 865 1442 mutati.
897 1403 974 1441 Ex.
1006 1413 1069 1451 gr.

452 1469 636 1509 ἓσταότοσ
667 1481 742 1519 pro
773 1468 998 1509 §atudvooyl
1304 1471 1472 1523 χρύσεοσ
1546 1482 1624 1520 pro
1656 1471 1841 1522 χρύσειοσ
1853 1480 1882 1509 q,

454 1536 549 1576 νέασ
687 1568 704 1587 „
771 1543 875 1576 νῆασ
888 1535 917 1575 k.
1304 1538 1397 1576 νεόσ
1566 1570 1582 1587 ‚‚
1652 1538 1761 1577 νειόσ
1775 1547 1802 1576 ⁷⁶.

442 1603 583 1656 ’Ἀρεοσ
688 1638 705 1659 „
761 1603 910 1656 ’Ἁρηοσ
925 1602 947 1642 l.
1301 1603 1464 1656 βαθέκσ
1564 1636 1581 1655 ,,
1649 1606 1827 1657 βαθείκσ
1839 1614 1864 1644 ⁸.

452 1671 521 1712 ἔΰσ
688 1704 705 1722 ,,
772 1671 850 1723 ἠΰσ
863 1681 904 1712 Μ.
1188 1695 1192 1699 -
1301 1671 1391 1723 ἐμέο
1562 1703 1579 1721 „
1647 1672 1753 1723 ἐμεῖο
1769 1673 1792 1712 ί.

452 1738 612 1779 Πκλέοσ
685 1770 703 1789 ,,
772 1742 939 1790 Πκλῆοσ
954 1748 985 1777 π.
1306 1740 1349 1779 ὅο
1561 1771 1578 1789 ,‚
1646 1736 1707 1779 οἷο
1721 1749 1752 1779 ²⁴.

451 1806 561 1846 ἕαται
683 1838 701 1857 ,,
768 1807 885 1859 {javat
897 1816 925 1846 0.
1305 1808 1499 1857 φῦσίζοοσ
1558 1838 1576 1856 ,,
1645 1810 1849 1857 φῦσίζωοσ
1862 1817 1890 1846 v.

450 1875 584 1914 κέαται
680 1907 698 1926 ‚‚
764 1878 960 1919 κείαταιρ.
1305 1874 1511 1927 ἀμφίγυοσ
1558 1906 1575 1924 „
1644 1877 1863 1929 ἀμφίγυιοσ
1878 1886 1914 1915 w.

331 1944 442 1993 Ergo
475 1944 648 1984 vocales
679 1946 835 1994 longae
866 1949 910 1985 et
938 1945 1194 1995 diphthongi
1231 1945 1419 1984 leviores
1450 1959 1505 1994 αι,
1535 1958 1582 1993 ει,
1615 1959 1651 1982 οι
1684 1955 1874 1985 consona
1905 1947 2028 1986 nulla

212 2012 348 2051 fultae
393 2013 446 2051 ad
487 2013 607 2052 arsin
645 2014 822 2061 quidem
864 2014 1126 2063 explendam
1168 2013 1279 2052 satis
1320 2012 1496 2061 amplae
1538 2014 1677 2060 erant,
1720 2014 1796 2052 sed
1843 2014 1886 2053 in
1927 2015 2027 2054 thesi

214 2080 337 2119 binas
368 2090 515 2119 moras
546 2091 632 2120 non
664 2082 910 2129 aequabant
939 2082 1147 2130 integras.
1179 2081 1327 2129 Neque
1359 2082 1508 2119 tamen
1542 2081 1658 2120 intra
1689 2091 1822 2120 unam
1849 2083 2026 2121 theseos

213 2157 382 2186 moram
409 2149 504 2196 cogi
529 2159 703 2198 semper
728 2151 931 2197 poterant
955 2159 1094 2198 neque
1118 2149 1162 2187 in
1191 2149 1280 2188 arsi
1307 2158 1482 2197 semper
1509 2148 1735 2197 collocari;
1763 2151 2026 2198 quapropter

211 2216 364 2262 poetae
404 2215 446 2253 in
488 2216 603 2255 thesi
644 2226 719 2255 eas
759 2216 887 2255 modo
928 2228 1006 2266 pro
1045 2217 1190 2265 longis
1232 2216 1360 2256 modo
1401 2227 1478 2266 pro
1520 2217 1725 2256 brevibus
1765 2213 2024 2265 habuerunt,

212 2282 356 2330 prouti
387 2293 595 2322 versuum
626 2283 794 2323 ferebat
825 2285 951 2325 ratio.
992 2285 1041 2323 In
1073 2284 1234 2325 tradito
1271 2285 1420 2323 autem
1454 2286 1582 2322 textu
1614 2284 1814 2332 syllabae
1845 2284 1908 2323 ita
1941 2294 2027 2323 cor-

210 2350 358 2397 reptae
390 2350 504 2389 haud
534 2352 644 2390 satis
676 2352 962 2399 aequabiliter
992 2354 1096 2391 sunt
1121 2352 1341 2400 depictae;
1370 2361 1473 2391 nam
1500 2361 1659 2390 vocum
1685 2352 1803 2391 initio
1828 2353 2021 2391 intactae

213 2419 470 2455 manserunt
508 2418 616 2457 locis
656 2419 783 2467 longe
823 2420 1039 2469 plurimis,
1082 2420 1125 2459 in
1166 2420 1312 2459 mediis
1353 2429 1454 2458 vero
1494 2418 1677 2458 vocibus
1719 2419 1840 2458 brevi
1886 2419 2023 2459 vocali

211 2485 315 2522 sunt
338 2484 601 2533 designatae.
628 2487 671 2525 Si
697 2487 793 2534 quis
820 2489 969 2527 autem
997 2488 1129 2527 verba
1154 2487 1319 2526 tradita
1341 2487 1452 2526 hanc
1478 2486 1530 2525 ob
1549 2496 1729 2525 causam
1748 2487 2024 2526 emendanda

211 2554 401 2600 censeat,
443 2554 733 2593 secernendae
772 2557 900 2594 erunt
939 2565 1016 2594 eae
1057 2555 1267 2604 syllabae,
1300 2564 1409 2602 quas
1441 2556 1596 2603 poetae
1628 2564 1944 2603 nonnunquam
1976 2555 2019 2593 in

207 2619 322 2658 thesi
363 2621 706 2670 corripueruntx,
751 2623 803 2661 ab
845 2623 898 2661 iis
940 2633 1048 2671 quas
1089 2624 1313 2672 correptas
1345 2622 1399 2661 iis
1430 2621 1630 2671 praebuit
1662 2622 1808 2670 gentis
1840 2622 2020 2670 aevique

209 2687 353 2726 dictio.
394 2687 464 2726 Sic
504 2689 805 2736 reputantibus
836 2690 1007 2738 syllaba
1037 2690 1306 2739 paenultima
1338 2689 1546 2728 adiectivi
1578 2689 1764 2739 χρύσειοσ
1794 2690 1838 2728 et
1870 2698 2021 2737 cogna-

297 2845 315 2864 a
340 2835 359 2874 ς
385 2837 437 2866 85.
571 2836 587 2866 b
611 2836 630 2874 ξ
657 2836 710 2867 70.
841 2846 856 2866 ο
881 2838 962 2875 Pag.
987 2840 1024 2867 61
1042 2838 1069 2868 b.
1215 2837 1238 2868 d
1259 2837 1278 2876 ἓ
1303 2834 1408 2868 22210.
1543 2846 1559 2867 e
1582 2836 1601 2875 ξ
1628 2838 1703 2867 162.
1844 2836 1868 2873 f
1886 2837 1920 2865 Λ
1945 2837 2020 2866 558.

340 2898 361 2927 9
388 2891 414 2917 Β
441 2890 513 2918 191.
690 2888 710 2918 lz
735 2889 754 2928 ξ
781 2891 852 2919 190.
1032 2890 1085 2928 ἐξ
1112 2892 1174 2921 173
1201 2893 1235 2921 et
1260 2892 1335 2921 286.
1513 2889 1536 2929 j
1563 2891 1578 2926 ἓ
1602 2888 1691 2920 160³.
1879 2887 1939 2926 [εξ
1966 2889 2019 2919 75.

343 2940 396 2978 l§
421 2942 471 2970 73.
628 2952 655 2971 m
681 2942 699 2980 ᾖ
724 2942 776 2972 75.
933 2953 952 2972 n
977 2942 996 2982 ξ
1018 2943 1070 2973 76.
1226 2953 1244 2974 o
1267 2943 1286 2982 ἓ
1312 2944 1388 2973 220.
1554 2954 1579 2984 p
1603 2943 1621 2982 §
1647 2943 1720 2973 169.
1879 2950 1898 2981 q
1924 2941 1941 2979 ξ
1966 2943 2018 2970 (31.

342 3003 357 3021 r
381 2993 399 3031 ἓ
425 2995 477 3023 88.
610 3004 626 3023 ³
650 2995 667 3032 ἓ
692 2995 744 3025 75.
881 2997 893 3024 t
917 2996 934 3034 ξ
959 2997 1011 3025 92.
1142 3007 1162 3026 u
1188 2994 1203 3035 ξ
1225 2997 1278 3026 59.
1416 3005 1434 3026 υ
1456 2995 1475 3034 ξ
1497 2996 1572 3026 194.
1707 3005 1733 3024 w
1756 2993 1782 3023 A
1801 2993 2018 3024 substantivo

207 3050 301 3081 γυῖον.
323 3045 408 3074 Item
433 3047 629 3086 ἀμφιγῦήιισ.
817 3057 838 3076 ,τ
861 3047 899 3078 In
922 3047 990 3077 arsi
1013 3057 1078 3078 non
1103 3047 1259 3086 potuisse
1285 3049 1423 3087 corripi,
1447 3048 1581 3078 inutilis
1606 3046 1744 3078 videtur
1767 3047 1961 3077 observatio
1986 3049 2021 3076 et

206 3106 314 3135 paene
342 3098 504 3134 ridicu1a3
538 3098 572 3128 in
602 3098 729 3130 tradito
760 3102 874 3130 tamen
910 3103 1007 3131 textu
1038 3101 1102 3131 hoc
1132 3100 1254 3131 vitium
1288 3102 1344 3132 hic
1375 3100 1447 3131 illic
1479 3102 1587 3130 extat:
1611 3101 1697 3154 viga
1723 3102 1798 3137 283,
1821 3100 1875 3151 ῥέε
1902 3103 1932 3130 Ν
1956 3102 2017 3130 144

210 3157 237 3181 Υ
260 3154 323 3182 263
347 3153 426 3183 Hes.
453 3154 579 3191 Theog.
607 3156 636 3193 6,
662 3155 680 3194 ἓ
706 3157 734 3185 8.
