2234 3443
134 161 158 207 5
194 159 290 207 101,
328 158 427 202 102]
828 164 882 193 nn
914 162 1253 192 ΡΒοΝοΜῙΝΙΒσε.
1863 144 1948 183 217

250 280 658 321 Demonstrativum
700 278 773 334 ubi
812 278 986 317 relativi
1027 277 1121 316 loco
1158 278 1227 316 est
1257 277 1533 324 usurpatum,
1567 282 1698 322 saepe
1729 274 1774 311 et
1804 272 1952 320 ipsum

133 346 358 388 indefinita
387 347 602 397 particula
633 360 671 385 τε
704 349 771 385 est
803 347 1008 385 ornatum
1020 352 1054 384 α.

249 415 451 455 Relativo
496 415 641 454 neutri
681 414 854 462 generis
894 412 1141 461 pronomini
1184 409 1204 448 ὅ
1244 411 1315 450 hic
1345 411 1435 449 illic
1467 409 1617 448 addita
1647 409 1713 448 est
1742 405 1957 457 particula

132 483 208 534 γάρ
220 481 249 522 b.
294 482 364 521 Sic
395 483 438 521 et
468 481 535 519 ἵνα
566 481 640 533 γάρ
672 483 740 520 est
771 481 933 519 dictum
949 487 976 528 0,
1012 481 1055 518 et
1089 478 1224 517 simili
1255 478 1427 517 ratione
1459 476 1676 525 particula
1705 475 1779 526 γάρ
1824 474 1953 512 inter·

132 549 345 598 rogativis
388 549 718 598 pronominibus
764 550 894 596 atque
940 546 1158 586 adverbiis
1198 555 1330 594 saepe
1363 551 1430 583 est
1459 544 1628 583 iuncta:
1663 542 1722 581 τίσ
1753 542 1840 594 γάρ,
1869 546 1956 578 πῶσ

135 615 224 668 γάρ,
249 615 303 656 al.

252 758 471 798 Adverbio
517 755 573 796 ὡσ
613 760 657 796 ut
697 758 790 796 sive
837 757 1193 804 quemadmodum
1234 755 1450 804 particula.
1490 769 1527 793 τε
1568 748 1757 794 ornatod
1798 750 1959 790 similis

134 826 219 865 fuit
241 826 339 866 aevi
364 825 620 875 posterioris
645 824 861 874 particula
887 823 983 862 ὥστε
1009 824 1067 862 ita
1092 826 1150 872 ut,
1179 833 1264 872 qua
1290 825 1443 871 poetae
1469 821 1580 870 epici
1606 831 1691 860 non
1718 822 1821 859 sunt
1847 819 1915 858 usi
1928 826 1957 857 θ.

255 893 391 942 Saepe
434 895 533 941 post
563 892 892 931 substantivum
926 901 1057 930 suum
1091 891 1352 930 collocatum
1386 892 1454 928 est
1485 887 1541 926 ὡσ
1573 889 1753 927 accentu
1784 888 1962 926 servato

137 960 237 1006 (ὥσ).
268 960 492 1008 Plerisque
523 959 774 999 huiusmodi
808 959 917 998 locis
947 959 991 997 in
1023 959 1139 997 thesi
1170 961 1239 997 est
1265 960 1364 1006 post
1390 956 1710 1005 diphthongum
1727 955 1963 1004 longamve

135 1027 348 1077 vocalem,
387 1037 441 1066 ex
472 1037 534 1075 gr.
565 1027 679 1064 λύκοι
708 1021 805 1074 ὤσί,
836 1026 906 1065 vel
937 1028 1036 1074 post
1069 1025 1245 1064 brevem
1277 1024 1494 1072 syllabam
1527 1033 1719 1062 consona
1750 1023 1960 1069 clausam,

138 1105 208 1134 ex.
240 1105 304 1143 gr.
338 1092 462 1132 κακὸν
495 1092 563 1141 ὥσ,
593 1076 862 1142 ὄρνῑθεσ’ὥσ,
892 1092 990 1130 θεὸσ
1023 1091 1123 1131 55⁶9.
1151 1092 1275 1130 Unde
1301 1093 1406 1130 nata
1432 1093 1500 1130 est
1526 1090 1715 1139 suspicio
1735 1098 1959 1128 consonam

135 1162 181 1201 in
223 1161 412 1201 dictione
453 1161 574 1209 epica
612 1160 750 1199 fuisse
791 1161 1097 1209 praemissam,
1139 1160 1341 1207 analogia
1380 1161 1528 1197 autem
1571 1158 1739 1197 ferebat
1775 1160 1824 1195 ut
1854 1157 1963 1194 haec

136 1238 328 1269 consona
362 1243 393 1281 J:
421 1228 558 1267 fuisse
605 1228 867 1266 crederetur.
899 1227 1051 1275 Itaque
1082 1227 1170 1278 faio
1201 1227 1244 1264 in
1278 1225 1546 1265 carminibus
1576 1225 1711 1274 epicis
1747 1222 1964 1263 scribebat

137 1295 336 1344 Bentley,
362 1297 407 1334 et
438 1295 610 1343 egregie
636 1294 902 1333 corroborari
930 1295 1026 1332 visa
1052 1296 1119 1332 est
1147 1294 1277 1332 huius
1307 1293 1450 1341 opinio
1469 1303 1568 1331 cum
1596 1293 1637 1330 in
1667 1302 1766 1330 aere
1788 1292 1964 1329 vetusto

138 1364 345 1403 inventae
387 1365 489 1401 sunt
530 1362 705 1400 litterae
749 1362 876 1399 FOTI
891 1358 923 1400 h.
968 1361 1075 1400 Cum
1113 1363 1262 1399 tamen
1293 1361 1457 1399 frustra
1487 1361 1714 1407 rogaretur
1745 1359 1963 1397 undenam

139 1431 266 1480 stirpi
306 1430 517 1469 relativae
558 1426 578 1467 ὁ
621 1432 699 1480 (jo)
743 1439 877 1468 sonus
907 1445 937 1481 f
970 1430 1251 1477 accrevisset,
1284 1428 1558 1467 intellectum
1591 1430 1659 1466 est
1690 1436 1777 1465 una
1806 1425 1967 1469 lineola

140 1498 289 1537 addita
320 1497 599 1536 scribendum
631 1506 728 1536 esse
762 1497 898 1534 EOTI
926 1497 1020 1535 sive
1055 1494 1080 1547 ἢ
1114 1495 1134 1534 ὅ
1165 1511 1199 1533 τι
1213 1493 1236 1535 i.

256 1564 435 1614 Epicam
461 1564 701 1613 particulae
727 1563 913 1612 figuram
940 1547 1177 1613 fuisse'scivo
1203 1564 1522 1603 contenderunt
1547 1560 1647 1602 aliij
1660 1575 1669 1610 ;
1700 1562 1966 1612 probabilius

139 1632 320 1682 proponi
350 1632 499 1681 posset
531 1630 609 1669 τώσ
641 1631 812 1670 collatis
843 1632 996 1670 rustici
1027 1632 1294 1679 Megarensis
1322 1632 1365 1669 in
1393 1630 1618 1670 comoedia
1633 1631 1781 1669 Attica
1797 1629 1962 1668 verbis:

139 1699 216 1739 τὼσ
243 1698 434 1749 ἀρωραῖοι
470 1698 568 1748 μύεσ
603 1699 707 1738 sicut
738 1709 880 1738 mures
911 1702 1090 1748 agrestes
1104 1696 1136 1748 k,
1170 1700 1207 1737 si
1241 1699 1331 1738 veri
1362 1699 1584 1737 videretur
1615 1698 1760 1737 simile
1790 1698 1966 1745 signum

139 1782 158 1805 τ
190 1777 246 1806 ex
278 1767 524 1806 carminum
558 1766 779 1815 epicorum
810 1769 901 1805 tam
935 1767 1089 1806 multis
1122 1766 1323 1806 versibus
1356 1767 1545 1806 eiectum
1578 1776 1674 1805 esse
1707 1776 1732 1805 a
1765 1765 1966 1814 posteris.

140 1835 188 1874 In
226 1835 341 1873 thesi
387 1835 534 1872 autem
576 1835 782 1881 quoniam
820 1836 972 1882 poetae
1015 1835 1124 1882 epici
1155 1834 1350 1882 syllabas
1384 1835 1538 1873 breves
1569 1843 1762 1873 consona
1794 1832 1968 1871 clausas

141 1904 244 1941 ante
275 1901 330 1940 ὥσ
362 1911 448 1940 non
480 1901 781 1949 produxerunt
795 1898 818 1950 l,
851 1902 894 1940 in
927 1902 1124 1941 vocalem
1152 1901 1403 1940 desinentes
1429 1904 1680 1940 constanter
1702 1901 1967 1948 eliseruntm,

140 1970 428 2010 manifestum
475 1971 542 2007 est
588 1978 824 2008 consonam
857 1969 1072 2008 initialem
1104 1970 1147 2007 in
1181 1969 1331 2017 lingua
1362 1971 1483 2017 epica
1516 1969 1615 2007 huic
1645 1968 1851 2007 adverbio
1883 1976 1968 2006 non

138 2038 290 2086 fuisse,
340 2037 416 2075 sed
464 2035 617 2075 finales
663 2036 763 2075 illas
804 2036 999 2084 syllabas
1040 2037 1084 2074 vi
1123 2037 1228 2075 ictus
1259 2046 1356 2075 esse
1387 2035 1600 2083 firmatas,
1632 2038 1682 2074 ut
1712 2035 1822 2073 alias
1853 2034 1968 2073 haud

140 2114 348 2154 paucasn.

260 2243 288 2299 ἓ
323 2245 419 2290 102.
451 2245 640 2285 Relativi
673 2245 887 2285 indefiniti
922 2245 967 2284 ὄσ
998 2256 1059 2283 τισ
1089 2246 1133 2285 in
1166 2246 1435 2285 carminibus
1469 2246 1601 2295 epicis
1632 2247 1714 2284 hae
1746 2245 1973 2284 inveniun-

143 2317 215 2353 tur
246 2314 436 2363 figurae:

234 2489 254 2508 a
279 2477 479 2509 Cuiusmodi
502 2476 589 2507 locis
612 2478 820 2516 particulam
845 2478 1089 2516 homonymam
1114 2476 1151 2507 id
1176 2477 1268 2516 quod
1288 2479 1320 2507 et
1340 2476 1593 2516 significantem
1611 2477 1781 2517 intellegi,
1796 2478 1843 2507 ita
1855 2477 1967 2507 ut3n

143 2530 182 2562 id
202 2531 295 2569 quod
314 2532 347 2560 et
364 2530 393 2560 is
416 2528 530 2560 valeat
553 2533 587 2561 et
609 2530 789 2570 parataxin
812 2532 951 2566 efficiat,
977 2540 1044 2561 non
1069 2531 1151 2561 sinit
1170 2529 1425 2561 coniunctionis
1445 2541 1476 2560 τε
1495 2531 1554 2568 qui
1574 2531 1607 2560 in
1629 2532 1737 2569 epicis
1757 2530 1969 2561 carminibus

147 2588 201 2614 est
222 2592 318 2621 usus,
343 2583 362 2621 ξ
386 2580 476 2613 325¹.
611 2584 627 2614 b
651 2587 694 2614 M
720 2585 796 2619 344,
820 2585 884 2614 357
913 2587 946 2613 Ψ
967 2586 984 2614 9
1010 2597 1033 2613 ω
1056 2585 1130 2614 190.
1265 2593 1281 2614 ο
1300 2585 1333 2613 Κ
1353 2584 1415 2614 127
1431 2581 1466 2624 (1.
1480 2592 1510 2613 a.
1527 2583 1635 2613 41854
1656 2596 1671 2613 ο
1692 2583 1800 2621 239,§
1815 2584 1878 2612 322
1893 2579 1968 2619 112).

279 2635 302 2666 d
325 2638 356 2665 Γ
371 2636 412 2665 23
440 2636 482 2666 al.
697 2647 713 2667 ε
742 2649 760 2666 α
785 2638 848 2666 227
873 2638 917 2666 ὥσ
940 2647 972 2666 τε
995 2638 1049 2675 (=
1078 2637 1129 2666 καὶ
1153 2636 1213 2673 ὡσ)
1236 2638 1290 2666 est
1313 2636 1549 2673 scribendum,
1571 2645 1640 2666 non
1660 2637 1748 2665 ὥστε.
1772 2635 1839 2666 Sed
1863 2635 1968 2664 dictio

146 2689 317 2719 recentior
348 2689 382 2718 in
415 2688 542 2718 tradita
573 2689 677 2719 verba
700 2688 839 2727 irrepsit
865 2693 885 2718 I
905 2689 947 2718 42
973 2701 990 2729 ρ
1016 2690 1055 2718 21
1082 2689 1116 2718 h.
1139 2688 1203 2727 Ap.
1229 2689 1304 2726 530,
1327 2689 1437 2719 Le'hrs
1461 2685 1582 2718 Ατίεῢ.2
1609 2687 1684 2718 158.
1829 2687 1853 2725 f
1870 2689 1900 2716 A
1916 2688 1969 2717 72.

275 2753 296 2782 q
322 2745 349 2771 B
375 2742 437 2771 190
458 2744 488 2771 Γ
509 2742 539 2776 2,
563 2742 638 2772 230.
662 2742 868 2772 Huiusmodi
891 2742 959 2771 loci
983 2744 1064 2771 sunt
1088 2742 1147 2776 35;
1175 2742 1209 2770 in
1232 2741 1370 2772 secunda
1393 2739 1462 2771 arsi
1486 2741 1618 2779 syllaba
1637 2739 1752 2770 finalis
1771 2742 1823 2770 est
1843 2743 1871 2769 Z
1892 2740 1970 2783 443,

143 2796 268 2826 ceteris
291 2795 378 2825 locis
400 2792 436 2823 in
460 2795 578 2833 quarta
600 2794 653 2823 vel
677 2797 777 2824 sexta.
934 2793 954 2823 Ιι
977 2795 1073 2824 Anno
1100 2795 1203 2824 1850:
1228 2793 1703 2831 heuroziovomznofoziovzaom
1727 2793 1816 2823 sive:
1832 2794 1970 2831 ἡμιόλιον

144 2849 262 2888 ὀφλέτω
283 2850 356 2886 ιΛεότι
380 2848 522 2881 avidam,
544 2847 641 2876 Locr.
671 2844 782 2881 14796,
817 2847 908 2877 IGA.
932 2847 1009 2876 322.
1188 2846 1200 2876 i
1224 2845 1316 2876 Corr.
1341 2847 1587 2884 Wackernagel
1612 2844 1733 2876 Rhein.
1757 2846 1846 2875 Mus.
1871 2846 1970 2880 1893,

145 2901 335 2932 301—303.
461 2897 483 2937 j
507 2900 588 2936 Pag.
617 2900 680 2928 154
693 2899 723 2928 d..
859 2899 878 2928 lc
902 2900 957 2929 Ar.
973 2900 1055 2929 Ach.
1071 2900 1146 2929 762.
1163 2899 1229 2929 Sed
1243 2899 1278 2928 in
1293 2900 1473 2937 Sophoclis
1486 2897 1665 2928 Ichneutis
1677 2906 1740 2936 pro
1752 2899 1795 2927 ὡσ
1808 2898 1971 2938 αἰέλουροσ

144 2955 267 2983 εἰκάσαι
301 2953 438 2992 πέφυκεν
475 2952 489 2990 ἢ
522 2963 584 2982 τωσ
617 2952 769 2991 nuptialia
810 2954 874 2990 leg.
912 2953 928 2989 ἤ
953 2963 1002 2981 τισ
1033 2962 1064 2982 n.
1085 2952 1162 2985 coll.
1196 2952 1275 2982 Ant.
1307 2954 1392 2982 1082
1422 2952 1437 2990 ἢ
1464 2956 1565 2990 θῆρεσ
1594 2952 1683 2989 ἤτισ
1706 2950 1827 2989 πτηνὸσ
1851 2952 1970 2980 οἶωνόσ.

281 3004 294 3034 l
316 3007 348 3035 Γ
369 3007 431 3035 196
461 3007 487 3035 Θ
512 3005 565 3040 94,
587 3006 651 3034 271
681 3008 707 3033 Ν
734 3005 794 3034 137
820 3016 842 3043 χ
867 3006 930 3034 299
958 3005 1038 3034 Hes,
1063 3003 1150 3043 Clip.
1176 3006 1229 3035 60.
1438 3014 1465 3033 m
1490 3006 1518 3033 A
1545 3005 1609 3033 383
1633 3005 1676 3032 Μ
1698 3004 1762 3033 293
1787 3006 1825 3033 Π
1845 3003 1908 3033 756
1934 3002 1968 3032 h.

147 3058 209 3096 Ap.
235 3058 312 3094 448,
336 3058 415 3088 item
443 3058 474 3087 δ’
504 3059 547 3086 ὥσ
572 3060 598 3086 E
623 3058 661 3087 78
689 3060 718 3086 A
745 3058 806 3087 147
832 3060 872 3087 M
900 3058 962 3087 156
986 3062 1007 3096 β
1032 3058 1072 3087 47
1099 3059 1156 3093 al.;
1173 3058 1319 3087 vitiosus
1337 3059 1391 3087 est
1412 3056 1666 3094 a323,pag.54
1679 3064 1709 3094 q.
1845 3065 1865 3085 n
1885 3056 1968 3093 Pag.

151 3110 190 3139 91
209 3120 303 3150 n—q.
